3450 5367
741 1142 888 1219 Vita.

285 1314 389 1379 Natus
420 1337 490 1379 sum
522 1313 621 1379 Otto
652 1313 876 1395 Scherling
906 1313 1033 1377 Gothae
1062 1313 1217 1378 Kalendis
1250 1313 1438 1377 Februariis

199 1402 275 1464 anni
298 1423 328 1485 p.
351 1424 374 1465 s.
398 1400 564 1465 LXXXIV
588 1407 682 1484 patre
705 1398 887 1477 Friderioo,
916 1401 971 1481 qui
1000 1407 1211 1483 praematura
1234 1406 1337 1464 morte
1359 1400 1439 1464 mihi

199 1487 356 1570 abreptus
379 1494 437 1566 est,
470 1493 574 1551 matre
597 1487 752 1551 Emmae
783 1492 879 1567 gente
902 1486 1024 1551 Blume.
1080 1487 1170 1550 Fidei
1193 1486 1344 1551 addictus
1367 1508 1438 1550 sum

199 1573 413 1656 evangelicae.
452 1574 530 1637 Cum
554 1580 621 1637 tres
644 1594 745 1637 annos
767 1573 800 1635 in
822 1571 899 1635 ludo
915 1580 1064 1636 versatus
1088 1595 1200 1653 essem,
1227 1573 1438 1656 Gymnasium

196 1660 403 1724 Ernestinum
421 1659 616 1738 Gothanum,
640 1659 726 1741 quod
742 1664 870 1722 rectore
885 1660 922 1721 Α.
940 1660 984 1722 de
1000 1659 1187 1741 Bamberg
1210 1659 1318 1723 adhuc
1333 1659 1439 1736 floret,

195 1767 310 1811 novem
333 1768 433 1811 annos
456 1746 667 1828 frequentavi.
723 1745 924 1809 Maturitatis
946 1747 1166 1810 testiinonium
1198 1746 1337 1828 adeptus
1364 1766 1439 1809 vere

197 1834 272 1897 anni
301 1832 331 1896 h.
354 1856 378 1897 s.
405 1833 436 1897 II
459 1832 602 1915 Lipsiam
637 1853 687 1895 mo
718 1832 857 1911 contuli,
892 1838 930 1895 ut
959 1833 1075 1897 studiis
1105 1832 1277 1915 philologis
1306 1853 1439 1915 operam

198 1920 318 1983 darem.
356 1920 531 2002 Postquam
555 1919 601 1983 ibi
625 1924 780 2000 quattuor
803 1919 974 1982 semestria
988 1925 1138 1983 versatus
1162 1941 1242 1998 sum,
1264 1940 1340 1982 vere
1364 1919 1439 1981 anni

195 2006 240 2070 IV
269 2005 483 2089 Marpurgum
513 2005 664 2088 migravi,
701 2004 758 2068 ubi
788 2026 847 2087 per
879 2005 1013 2068 totidem
1045 2006 1214 2070 semestria
1243 2004 1439 2087 philologiae

196 2112 328 2175 operam
353 2092 436 2156 dedi.
483 2093 567 2157 Vere
591 2093 666 2155 anni
690 2091 734 2155 VI
756 2112 806 2155 me
828 2091 949 2155 oontuli
972 2093 1005 2155 in
1029 2092 1179 2175 patriam.

284 2195 414 2279 Lipsiae
439 2194 675 2279 proseminario
698 2194 863 2277 philologo
886 2201 1014 2258 rectore
1037 2195 1278 2259 Immisohio
1308 2199 1359 2257 ter
1381 2215 1438 2257 sex

198 2302 325 2345 menses
348 2281 491 2359 interfui,
516 2280 684 2363 Marpurgi
706 2288 743 2345 ut
765 2282 930 2345 seminarii
952 2281 1073 2345 sodalis
1096 2302 1198 2345 essem
1221 2302 1281 2363 per
1304 2281 1368 2343 duo
1389 2300 1439 2343 se—

197 2368 341 2447 mestria,
372 2367 572 2449 benignitate
600 2368 722 2431 laetum
751 2372 801 2431 est
828 2368 955 2446 Birti,
982 2367 1265 2445 Kalbfleisohi,
1296 2367 1438 2431 Maassi

198 2452 405 2518 directorum.
453 2454 597 2517 Examen
621 2455 802 2536 rigorosum
826 2455 976 2537 superavi
1007 2454 1059 2518 die
1089 2454 1196 2518 XVllI
1224 2453 1343 2517 mensis
1365 2452 1438 2515 Iulii

196 2542 272 2605 anni
295 2538 440 2605 MCMVI.
478 2540 589 2623 Usque
612 2541 653 2603 ad
678 2541 762 2605 diem
785 2540 998 2622 promotionis
1014 2541 1047 2604 in
1062 2542 1172 2624 patria
1187 2546 1335 2603 versatus
1358 2560 1436 2603 sum.

284 2643 473 2707 Dooueruut
495 2665 546 2708 me
567 2643 627 2708 viri
651 2643 829 2707 doctissimi
850 2642 1050 2725 Lipsienses:
1073 2642 1334 2719 Blondeaux,
1359 2644 1439 2705 Du·

197 2728 363 2807 chesne,
388 2730 556 2809 Heinze,
578 2729 787 2808 Immisoh,
818 2729 998 2812 Lipsius,
1021 2728 1150 2804 Marx,
1176 2728 1439 2805 Studniozka‚

198 2814 488 2894 Waohsmuth,
513 2817 679 2896 Wundt3
714 2816 980 2898 Marpurgenses:
1011 2815 1121 2892 Birt,
1151 2813 1438 2890 Kalbflaisoh‚

197 2902 356 2985 Xbppe,
388 2902 538 2981 Maass,
568 2902 748 2986 Nat-erp,
772 2902 957 2980 Soharff,
980 2901 1222 2983 Sievehing,
1246 2900 1438 2965 Weohss-

198 2987 270 3051 lor.
316 2987 440 3064 Quibus
460 2988 729 3073 praeceptoribus
752 2988 901 3053 omnibus
922 2990 1045 3071 gratias
1069 3009 1129 3070 ago
1153 3009 1249 3069 quam
1273 2988 1442 3062 maximae,

196 3074 230 3135 iu
253 3074 366 3155 primis
391 3094 466 3137 vero
490 3074 709 3139 Theodoro
732 3075 841 3152 Birt,
871 3075 926 3155 qui
956 3096 1086 3137 summa
1101 3073 1300 3137 liberalitate
1323 3074 1354 3136 in
1378 3073 1440 3135 hoo

197 3159 354 3242 opusculo
378 3160 599 3242 componendo
621 3182 670 3223 me
694 3160 827 3223 adiuvit.

284 3261 473 3329 Memoriam
496 3267 590 3343 grato
613 3283 740 3345 semper
763 3263 870 3325 animo
898 3263 1000 3324 oolam
1025 3262 1122 3324 etiam
1155 3261 1253 3323 thiasi
1282 3260 1439 3342 philologi

194 3348 382 3499 puipssiplplpis,
405 3370 469 3431 quo
493 3350 564 3431 ipso
586 3370 715 3430 quoque
738 3348 779 3412 ad
803 3349 913 3411 studia
934 3347 1100 3431 philologa
1118 3347 1272 3428 agitanda
1293 3346 1438 3409 stimula-
