<?xml version="1.0" encoding="UTF-8"?>
<!DOCTYPE html PUBLIC "-//W3C//DTD XHTML 1.0 Transitional//EN"
    "http://www.w3.org/TR/xhtml1/DTD/xhtml1-transitional.dtd">
<html xmlns="http://www.w3.org/1999/xhtml" xml:lang="en" lang="en">
 <head>
  <title>
</title>
<meta http-equiv="Content-Type" content="text/html;charset=utf-8" />
  <meta name='ocr-system' content='tesseract 3.04.00' />
  <meta name='ocr-capabilities' content='ocr_page ocr_carea ocr_par ocr_line ocrx_word'/>
</head>
<body>
  <div class='ocr_page' id='page_1' title='image "./devocissknquant00schegoog/devocissknquant00schegoog_0046.png"; bbox 0 0 3450 5367; ppageno 0'>
   <div class='ocr_carea' id='block_1_1' title="bbox 767 516 982 582">
    <p class='ocr_par' dir='ltr' id='par_1_1' title="bbox 767 516 982 582">
     <span class='ocr_line' id='line_1_1' title="bbox 767 516 982 582; baseline -0.005 -15"><span class='ocrx_word' id='word_1_1' title='bbox 767 516 982 582; x_wconf 69' lang='lat'>..44-</span> 
     </span>
    </p>
   </div>
   <div class='ocr_carea' id='block_1_2' title="bbox 174 684 1506 4228">
    <p class='ocr_par' dir='ltr' id='par_1_2' title="bbox 174 684 1503 1811">
     <span class='ocr_line' id='line_1_2' title="bbox 261 684 1502 777; baseline -0.001 -19"><span class='ocrx_word' id='word_1_2' title='bbox 261 684 442 775; x_wconf 85' lang='grc' dir='ltr'><strong><em>ὀκρίβαντα</em></strong></span> <span class='ocrx_word' id='word_1_3' title='bbox 468 686 641 775; x_wconf 82' lang='grc' dir='ltr'><strong><em>μετὰτῶν</em></strong></span> <span class='ocrx_word' id='word_1_4' title='bbox 665 685 863 772; x_wconf 80' lang='grc' dir='ltr'><strong>ὑποκριτῶν.</strong></span> <span class='ocrx_word' id='word_1_5' title='bbox 910 689 1077 769; x_wconf 80' lang='lat' dir='ltr'>Quomodo</span> <span class='ocrx_word' id='word_1_6' title='bbox 1100 688 1261 777; x_wconf 84' lang='grc' dir='ltr'><strong><em>προαγάν</em></strong></span> <span class='ocrx_word' id='word_1_7' title='bbox 1282 689 1337 756; x_wconf 88' lang='lat' dir='ltr'>ille</span> <span class='ocrx_word' id='word_1_8' title='bbox 1368 690 1502 757; x_wconf 89' lang='lat' dir='ltr'>habitus</span> 
     </span>
     <span class='ocr_line' id='line_1_3' title="bbox 262 776 1502 864; baseline 0.003 -23"><span class='ocrx_word' id='word_1_9' title='bbox 262 779 304 841; x_wconf 90' lang='lat' dir='ltr'>sit</span> <span class='ocrx_word' id='word_1_10' title='bbox 336 798 407 839; x_wconf 93' lang='lat' dir='ltr'>cum</span> <span class='ocrx_word' id='word_1_11' title='bbox 438 776 628 852; x_wconf 86' lang='lat' dir='ltr'>nesciamus,</span> <span class='ocrx_word' id='word_1_12' title='bbox 657 796 716 859; x_wconf 93' lang='lat' dir='ltr'>pro</span> <span class='ocrx_word' id='word_1_13' title='bbox 747 780 835 839; x_wconf 88' lang='lat' dir='ltr'>certo</span> <span class='ocrx_word' id='word_1_14' title='bbox 866 776 1030 841; x_wconf 87' lang='lat' dir='ltr'>affirmare</span> <span class='ocrx_word' id='word_1_15' title='bbox 1060 778 1189 841; x_wconf 87' lang='lat' dir='ltr'>minime</span> <span class='ocrx_word' id='word_1_16' title='bbox 1220 778 1298 842; x_wconf 91' lang='lat' dir='ltr'>licet</span> <span class='ocrx_word' id='word_1_17' title='bbox 1320 776 1502 864; x_wconf 82' lang='grc' dir='ltr'><strong><em>ὑποκριτάς</em></strong></span> 
     </span>
     <span class='ocr_line' id='line_1_4' title="bbox 262 862 1500 946; baseline 0 -19"><span class='ocrx_word' id='word_1_18' title='bbox 262 884 334 928; x_wconf 86' lang='lat' dir='ltr'>esso</span> <span class='ocrx_word' id='word_1_19' title='bbox 356 862 530 927; x_wconf 83' lang='lat' dir='ltr'>histriones</span> <span class='ocrx_word' id='word_1_20' title='bbox 553 868 586 926; x_wconf 89' lang='lat' dir='ltr'>et</span> <span class='ocrx_word' id='word_1_21' title='bbox 611 862 744 925; x_wconf 89' lang='lat' dir='ltr'>chorum</span> <span class='ocrx_word' id='word_1_22' title='bbox 758 863 792 944; x_wconf 88' lang='lat'>¹).</span> <span class='ocrx_word' id='word_1_23' title='bbox 838 862 950 945; x_wconf 85' lang='lat' dir='ltr'>Neque</span> <span class='ocrx_word' id='word_1_24' title='bbox 973 866 1047 946; x_wconf 91' lang='lat' dir='ltr'>plus</span> <span class='ocrx_word' id='word_1_25' title='bbox 1068 864 1156 928; x_wconf 84' lang='lat' dir='ltr'>valet</span> <span class='ocrx_word' id='word_1_26' title='bbox 1172 864 1304 928; x_wconf 89' lang='lat' dir='ltr'>Triclini</span> <span class='ocrx_word' id='word_1_27' title='bbox 1328 865 1370 928; x_wconf 81' lang='lat' dir='ltr'>arl</span> <span class='ocrx_word' id='word_1_28' title='bbox 1386 865 1500 929; x_wconf 79' lang='lat' dir='ltr'>Aescb.</span> 
     </span>
     <span class='ocr_line' id='line_1_5' title="bbox 263 948 1500 1036; baseline 0.002 -22"><span class='ocrx_word' id='word_1_29' title='bbox 263 952 374 1033; x_wconf 82' lang='lat' dir='ltr'>Agam.</span> <span class='ocrx_word' id='word_1_30' title='bbox 397 948 553 1013; x_wconf 86' lang='lat' dir='ltr'>scholium</span> <span class='ocrx_word' id='word_1_31' title='bbox 579 951 619 1033; x_wconf 67' lang='lat' dir='ltr'>(v,</span> <span class='ocrx_word' id='word_1_32' title='bbox 643 948 755 1013; x_wconf 84' lang='lat' dir='ltr'>Jahrb.</span> <span class='ocrx_word' id='word_1_33' title='bbox 778 949 797 1012; x_wconf 85' lang='lat' dir='ltr'>f.</span> <span class='ocrx_word' id='word_1_34' title='bbox 823 948 920 1013; x_wconf 89' lang='lat' dir='ltr'>klass.</span> <span class='ocrx_word' id='word_1_35' title='bbox 937 949 1016 1013; x_wconf 87' lang='lat' dir='ltr'>Phil.</span> <span class='ocrx_word' id='word_1_36' title='bbox 1034 950 1144 1034; x_wconf 82' lang='lat' dir='ltr'>Suppl.</span> <span class='ocrx_word' id='word_1_37' title='bbox 1162 951 1220 1014; x_wconf 95' lang='lat' dir='ltr'>VII</span> <span class='ocrx_word' id='word_1_38' title='bbox 1236 952 1351 1036; x_wconf 79' lang='grc'><strong>[1875]</strong></span> <span class='ocrx_word' id='word_1_39' title='bbox 1366 974 1396 1034; x_wconf 86' lang='lat' dir='ltr'>p.</span> <span class='ocrx_word' id='word_1_40' title='bbox 1414 954 1500 1032; x_wconf 81' lang='lat'>432),</span> 
     </span>
     <span class='ocr_line' id='line_1_6' title="bbox 261 1035 1502 1124; baseline 0.003 -24"><span class='ocrx_word' id='word_1_41' title='bbox 261 1036 347 1118; x_wconf 88' lang='lat' dir='ltr'>quod</span> <span class='ocrx_word' id='word_1_42' title='bbox 379 1035 475 1099; x_wconf 81' lang='lat' dir='ltr'>nrerlii</span> <span class='ocrx_word' id='word_1_43' title='bbox 506 1035 575 1099; x_wconf 88' lang='lat' dir='ltr'>aevi</span> <span class='ocrx_word' id='word_1_44' title='bbox 606 1040 670 1099; x_wconf 89' lang='lat' dir='ltr'>est:</span> <span class='ocrx_word' id='word_1_45' title='bbox 705 1040 941 1104; x_wconf 80' lang='grc' dir='ltr'><strong><em>πεντεκαίδεκα</em></strong></span> <span class='ocrx_word' id='word_1_46' title='bbox 966 1038 1050 1104; x_wconf 84' lang='grc' dir='ltr'><strong><em>είσίν</em></strong></span> <span class='ocrx_word' id='word_1_47' title='bbox 1075 1041 1108 1105; x_wconf 88' lang='grc' dir='ltr'>οί</span> <span class='ocrx_word' id='word_1_48' title='bbox 1130 1046 1193 1104; x_wconf 86' lang='grc' dir='ltr'><strong><em>τοῦ</em></strong></span> <span class='ocrx_word' id='word_1_49' title='bbox 1214 1047 1376 1124; x_wconf 79' lang='grc' dir='ltr'><em>τραγικοῦ</em></span> <span class='ocrx_word' id='word_1_50' title='bbox 1397 1048 1502 1122; x_wconf 85' lang='grc' dir='ltr'><strong><em>χοροῦ</em></strong></span> 
     </span>
     <span class='ocr_line' id='line_1_7' title="bbox 174 1121 1500 1206; baseline -0.002 -16"><span class='ocrx_word' id='word_1_51' title='bbox 174 1132 176 1137; x_wconf 84' lang='grc'><strong>’</strong></span> <span class='ocrx_word' id='word_1_52' title='bbox 261 1122 445 1205; x_wconf 87' lang='grc' dir='ltr'><strong><em>ὑποκριταί.</em></strong></span> <span class='ocrx_word' id='word_1_53' title='bbox 478 1122 579 1185; x_wconf 88' lang='lat' dir='ltr'>Immo</span> <span class='ocrx_word' id='word_1_54' title='bbox 602 1121 664 1185; x_wconf 89' lang='lat' dir='ltr'>hnc</span> <span class='ocrx_word' id='word_1_55' title='bbox 683 1121 778 1185; x_wconf 87' lang='lat' dir='ltr'>modo</span> <span class='ocrx_word' id='word_1_56' title='bbox 791 1121 882 1186; x_wconf 88' lang='lat' dir='ltr'>locus</span> <span class='ocrx_word' id='word_1_57' title='bbox 900 1122 1166 1206; x_wconf 83' lang='lat' dir='ltr'>interpretandus</span> <span class='ocrx_word' id='word_1_58' title='bbox 1184 1145 1254 1188; x_wconf 86' lang='lat' dir='ltr'>esse</span> <span class='ocrx_word' id='word_1_59' title='bbox 1269 1124 1346 1187; x_wconf 91' lang='lat' dir='ltr'>mihi</span> <span class='ocrx_word' id='word_1_60' title='bbox 1363 1124 1500 1188; x_wconf 83' lang='lat' dir='ltr'>videtur.</span> 
     </span>
     <span class='ocr_line' id='line_1_8' title="bbox 264 1208 1500 1296; baseline 0.003 -24"><span class='ocrx_word' id='word_1_61' title='bbox 264 1210 438 1273; x_wconf 84' lang='lat' dir='ltr'>Scaenicus</span> <span class='ocrx_word' id='word_1_62' title='bbox 468 1214 566 1291; x_wconf 86' lang='lat' dir='ltr'>poete</span> <span class='ocrx_word' id='word_1_63' title='bbox 595 1209 627 1271; x_wconf 91' lang='lat' dir='ltr'>in</span> <span class='ocrx_word' id='word_1_64' title='bbox 659 1229 723 1271; x_wconf 88' lang='lat' dir='ltr'>uno</span> <span class='ocrx_word' id='word_1_65' title='bbox 753 1208 824 1272; x_wconf 90' lang='lat' dir='ltr'>loco</span> <span class='ocrx_word' id='word_1_66' title='bbox 848 1208 982 1296; x_wconf 86' lang='grc' dir='ltr'><strong><em>(σκηνῆ)</em></strong></span> <span class='ocrx_word' id='word_1_67' title='bbox 1005 1231 1039 1273; x_wconf 89' lang='lat' dir='ltr'>se</span> <span class='ocrx_word' id='word_1_68' title='bbox 1062 1210 1227 1274; x_wconf 87' lang='lat' dir='ltr'>continere</span> <span class='ocrx_word' id='word_1_69' title='bbox 1250 1209 1356 1285; x_wconf 88' lang='lat' dir='ltr'>debet,</span> <span class='ocrx_word' id='word_1_70' title='bbox 1381 1211 1436 1274; x_wconf 92' lang='lat' dir='ltr'>ubi</span> <span class='ocrx_word' id='word_1_71' title='bbox 1460 1210 1500 1276; x_wconf 81' lang='grc' dir='ltr'><strong><em>τὰ</em></strong></span> 
     </span>
     <span class='ocr_line' id='line_1_9' title="bbox 262 1293 1500 1381; baseline -0.002 -19"><span class='ocrx_word' id='word_1_72' title='bbox 262 1293 472 1381; x_wconf 90' lang='grc' dir='ltr'><strong><em>πραττόμενα</em></strong></span> <span class='ocrx_word' id='word_1_73' title='bbox 496 1299 646 1376; x_wconf 82' lang='lat' dir='ltr'>aguntur.</span> <span class='ocrx_word' id='word_1_74' title='bbox 695 1295 790 1377; x_wconf 71' lang='lat' dir='ltr'>Atqui</span> <span class='ocrx_word' id='word_1_75' title='bbox 815 1295 942 1371; x_wconf 91' lang='lat' dir='ltr'>chorus,</span> <span class='ocrx_word' id='word_1_76' title='bbox 975 1296 1030 1378; x_wconf 90' lang='lat' dir='ltr'>qui</span> <span class='ocrx_word' id='word_1_77' title='bbox 1051 1297 1121 1379; x_wconf 85' lang='lat' dir='ltr'>ipse</span> <span class='ocrx_word' id='word_1_78' title='bbox 1144 1318 1273 1379; x_wconf 88' lang='lat' dir='ltr'>quoque</span> <span class='ocrx_word' id='word_1_79' title='bbox 1295 1298 1327 1359; x_wconf 94' lang='lat' dir='ltr'>in</span> <span class='ocrx_word' id='word_1_80' title='bbox 1351 1298 1421 1360; x_wconf 88' lang='lat' dir='ltr'>loco</span> <span class='ocrx_word' id='word_1_81' title='bbox 1444 1296 1500 1360; x_wconf 92' lang='lat' dir='ltr'>illo</span> 
     </span>
     <span class='ocr_line' id='line_1_10' title="bbox 261 1379 1501 1463; baseline 0.001 -19"><span class='ocrx_word' id='word_1_82' title='bbox 261 1386 420 1453; x_wconf 85' lang='lat' dir='ltr'>versatur,</span> <span class='ocrx_word' id='word_1_83' title='bbox 443 1402 507 1444; x_wconf 89' lang='lat' dir='ltr'>non</span> <span class='ocrx_word' id='word_1_84' title='bbox 532 1379 686 1462; x_wconf 76' lang='grc' dir='ltr'><strong><em>πράττεις</em></strong></span> <span class='ocrx_word' id='word_1_85' title='bbox 712 1402 789 1463; x_wconf 86' lang='lat' dir='ltr'>ergo</span> <span class='ocrx_word' id='word_1_86' title='bbox 806 1380 846 1445; x_wconf 85' lang='lat' dir='ltr'>de</span> <span class='ocrx_word' id='word_1_87' title='bbox 862 1382 939 1445; x_wconf 89' lang='lat' dir='ltr'>solis</span> <span class='ocrx_word' id='word_1_88' title='bbox 954 1382 1167 1447; x_wconf 80' lang='lat' dir='ltr'>histrionibus</span> <span class='ocrx_word' id='word_1_89' title='bbox 1184 1384 1375 1455; x_wconf 81' lang='lat' dir='ltr'>Aristoteles</span> <span class='ocrx_word' id='word_1_90' title='bbox 1391 1404 1501 1446; x_wconf 83' lang='lat' dir='ltr'>ncces·</span> 
     </span>
     <span class='ocr_line' id='line_1_11' title="bbox 262 1467 1500 1552; baseline 0.002 -20"><span class='ocrx_word' id='word_1_91' title='bbox 262 1469 347 1532; x_wconf 82' lang='lat' dir='ltr'>sario</span> <span class='ocrx_word' id='word_1_92' title='bbox 379 1467 548 1547; x_wconf 81' lang='lat' dir='ltr'>cogitavit,</span> <span class='ocrx_word' id='word_1_93' title='bbox 581 1472 680 1550; x_wconf 83' lang='lat' dir='ltr'>atque</span> <span class='ocrx_word' id='word_1_94' title='bbox 702 1467 764 1531; x_wconf 88' lang='lat' dir='ltr'>hoc</span> <span class='ocrx_word' id='word_1_95' title='bbox 787 1468 893 1551; x_wconf 85' lang='lat' dir='ltr'>ipsum</span> <span class='ocrx_word' id='word_1_96' title='bbox 924 1475 1062 1552; x_wconf 85' lang='lat' dir='ltr'>apparet</span> <span class='ocrx_word' id='word_1_97' title='bbox 1084 1491 1101 1532; x_wconf 93' lang='lat' dir='ltr'>e</span> <span class='ocrx_word' id='word_1_98' title='bbox 1125 1469 1231 1533; x_wconf 88' lang='lat' dir='ltr'>verbis</span> <span class='ocrx_word' id='word_1_99' title='bbox 1254 1471 1315 1536; x_wconf 84' lang='grc' dir='ltr'><strong><em>καὶ·</em></strong></span> <span class='ocrx_word' id='word_1_100' title='bbox 1332 1476 1399 1536; x_wconf 90' lang='grc' dir='ltr'><strong><em>τῶν</em></strong></span> <span class='ocrx_word' id='word_1_101' title='bbox 1422 1467 1500 1536; x_wconf 84' lang='grc' dir='ltr'><strong><em>ὑπο-</em></strong></span> 
     </span>
     <span class='ocr_line' id='line_1_12' title="bbox 262 1553 1503 1642; baseline -0.002 -19"><span class='ocrx_word' id='word_1_102' title='bbox 262 1561 385 1641; x_wconf 78' lang='grc' dir='ltr'><em>κριτῶν</em></span> <span class='ocrx_word' id='word_1_103' title='bbox 406 1554 534 1633; x_wconf 80' lang='lat' dir='ltr'>auditis,</span> <span class='ocrx_word' id='word_1_104' title='bbox 558 1556 604 1616; x_wconf 85' lang='lat' dir='ltr'>ita</span> <span class='ocrx_word' id='word_1_105' title='bbox 626 1560 662 1617; x_wconf 93' lang='lat' dir='ltr'>ut</span> <span class='ocrx_word' id='word_1_106' title='bbox 684 1553 784 1619; x_wconf 86' lang='lat' dir='ltr'>verba</span> <span class='ocrx_word' id='word_1_107' title='bbox 807 1553 845 1621; x_wconf 90' lang='grc' dir='ltr'><strong><em>τὸ</em></strong></span> <span class='ocrx_word' id='word_1_108' title='bbox 869 1555 922 1621; x_wconf 79' lang='grc' dir='ltr'>ἐπὶ</span> <span class='ocrx_word' id='word_1_109' title='bbox 937 1565 995 1641; x_wconf 89' lang='grc' dir='ltr'>τῆς</span> <span class='ocrx_word' id='word_1_110' title='bbox 1010 1565 1134 1642; x_wconf 98' lang='grc' dir='ltr'><strong><em>σκηνῆς</em></strong></span> <span class='ocrx_word' id='word_1_111' title='bbox 1149 1557 1204 1623; x_wconf 85' lang='grc' dir='ltr'>καί</span> <span class='ocrx_word' id='word_1_112' title='bbox 1220 1563 1288 1623; x_wconf 93' lang='grc' dir='ltr'><strong><em>τῶν</em></strong></span> <span class='ocrx_word' id='word_1_113' title='bbox 1309 1554 1503 1639; x_wconf 79' lang='grc' dir='ltr'><strong><em>ὑποκριτῶν</em></strong></span> 
     </span>
     <span class='ocr_line' id='line_1_13' title="bbox 261 1640 1502 1728; baseline -0.003 -19"><span class='ocrx_word' id='word_1_114' title='bbox 261 1642 360 1728; x_wconf 93' lang='grc' dir='ltr'><strong><em>μέρος</em></strong></span> <span class='ocrx_word' id='word_1_115' title='bbox 382 1640 578 1721; x_wconf 81' lang='lat' dir='ltr'>significent:</span> <span class='ocrx_word' id='word_1_116' title='bbox 608 1640 642 1704; x_wconf 90' lang='lat' dir='ltr'>id</span> <span class='ocrx_word' id='word_1_117' title='bbox 665 1640 751 1723; x_wconf 86' lang='lat' dir='ltr'>quod</span> <span class='ocrx_word' id='word_1_118' title='bbox 773 1641 805 1704; x_wconf 92' lang='lat' dir='ltr'>in</span> <span class='ocrx_word' id='word_1_119' title='bbox 830 1662 948 1705; x_wconf 82' lang='lat' dir='ltr'>scaena</span> <span class='ocrx_word' id='word_1_120' title='bbox 970 1642 1063 1725; x_wconf 62' lang='grc' dir='ltr'><strong><em>(μιαί</em></strong></span> <span class='ocrx_word' id='word_1_121' title='bbox 1083 1643 1155 1705; x_wconf 79' lang='grc' dir='ltr'><strong><em>(λεια</em></strong></span> <span class='ocrx_word' id='word_1_122' title='bbox 1179 1641 1388 1726; x_wconf 81' lang='lat' dir='ltr'>Spielplntz“)</span> <span class='ocrx_word' id='word_1_123' title='bbox 1409 1641 1447 1705; x_wconf 92' lang='lat' dir='ltr'>fit</span> <span class='ocrx_word' id='word_1_124' title='bbox 1470 1646 1502 1705; x_wconf 89' lang='lat' dir='ltr'>et</span> 
     </span>
     <span class='ocr_line' id='line_1_14' title="bbox 262 1726 702 1811; baseline 0 -20"><span class='ocrx_word' id='word_1_125' title='bbox 262 1728 393 1811; x_wconf 87' lang='lat' dir='ltr'>quidem</span> <span class='ocrx_word' id='word_1_126' title='bbox 416 1727 458 1790; x_wconf 87' lang='lat' dir='ltr'>ab</span> <span class='ocrx_word' id='word_1_127' title='bbox 480 1726 702 1791; x_wconf 83' lang='lat' dir='ltr'>histrionibus.</span> 
     </span>
    </p>

    <p class='ocr_par' dir='ltr' id='par_1_3' title="bbox 262 1810 1503 2675">
     <span class='ocr_line' id='line_1_15' title="bbox 348 1810 1501 1899; baseline 0.003 -23"><span class='ocrx_word' id='word_1_128' title='bbox 348 1813 513 1877; x_wconf 88' lang='lat' dir='ltr'>Demosth.</span> <span class='ocrx_word' id='word_1_129' title='bbox 536 1813 622 1888; x_wconf 95' lang='lat' dir='ltr'>XIX,</span> <span class='ocrx_word' id='word_1_130' title='bbox 644 1819 721 1877; x_wconf 84' lang='lat'><strong>337:</strong></span> <span class='ocrx_word' id='word_1_131' title='bbox 746 1814 817 1899; x_wconf 80' lang='grc' dir='ltr'><strong><em>ἐμοὶ</em></strong></span> <span class='ocrx_word' id='word_1_132' title='bbox 840 1814 876 1881; x_wconf 75' lang='grc' dir='ltr'>δὲ</span> <span class='ocrx_word' id='word_1_133' title='bbox 900 1810 1017 1882; x_wconf 80' lang='grc' dir='ltr'><strong><em>δοκεῖτ’</em></strong></span> <span class='ocrx_word' id='word_1_134' title='bbox 1042 1810 1261 1882; x_wconf 84' lang='grc' dir='ltr'><strong><em>άτοπῶτατον</em></strong></span> <span class='ocrx_word' id='word_1_135' title='bbox 1283 1813 1442 1881; x_wconf 84' lang='grc' dir='ltr'><strong><em>ἁπάντων</em></strong></span> <span class='ocrx_word' id='word_1_136' title='bbox 1458 1811 1501 1880; x_wconf 79' lang='lat' dir='ltr'>civ</span> 
     </span>
     <span class='ocr_line' id='line_1_16' title="bbox 262 1897 1501 1991; baseline -0.001 -23"><span class='ocrx_word' id='word_1_137' title='bbox 262 1910 407 1987; x_wconf 91' lang='grc' dir='ltr'><strong><em>ποιῆσαι,</em></strong></span> <span class='ocrx_word' id='word_1_138' title='bbox 426 1902 463 1980; x_wconf 87' lang='grc' dir='ltr'>εί,</span> <span class='ocrx_word' id='word_1_139' title='bbox 478 1897 531 1966; x_wconf 85' lang='grc' dir='ltr'>ὅτε</span> <span class='ocrx_word' id='word_1_140' title='bbox 548 1900 609 1985; x_wconf 75' lang='grc' dir='ltr'>μὲν</span> <span class='ocrx_word' id='word_1_141' title='bbox 623 1898 663 1966; x_wconf 87' lang='grc' dir='ltr'><strong><em>τὰ</em></strong></span> <span class='ocrx_word' id='word_1_142' title='bbox 682 1899 834 1967; x_wconf 79' lang='grc' dir='ltr'><strong><em>Θυέστου</em></strong></span> <span class='ocrx_word' id='word_1_143' title='bbox 849 1902 905 1966; x_wconf 86' lang='grc' dir='ltr'>καί</span> <span class='ocrx_word' id='word_1_144' title='bbox 928 1909 997 1967; x_wconf 91' lang='grc' dir='ltr'><strong><em>τῶν</em></strong></span> <span class='ocrx_word' id='word_1_145' title='bbox 1012 1901 1065 1967; x_wconf 80' lang='grc' dir='ltr'>ἐπὶ</span> <span class='ocrx_word' id='word_1_146' title='bbox 1087 1906 1189 1991; x_wconf 80' lang='grc' dir='ltr'><strong><em>Τροίᾳ</em></strong></span> <span class='ocrx_word' id='word_1_147' title='bbox 1206 1901 1291 1967; x_wconf 89' lang='grc' dir='ltr'><strong><em>κακὰ</em></strong></span> <span class='ocrx_word' id='word_1_148' title='bbox 1310 1897 1501 1987; x_wconf 77' lang='grc' dir='ltr'><strong><em>ἠγωνίζετο,</em></strong></span> 
     </span>
     <span class='ocr_line' id='line_1_17' title="bbox 262 1982 1503 2073; baseline -0.002 -18"><span class='ocrx_word' id='word_1_149' title='bbox 262 1983 435 2073; x_wconf 76' lang='grc' dir='ltr'><strong><em>ἐξεβάλλετ’</em></strong></span> <span class='ocrx_word' id='word_1_150' title='bbox 469 1982 574 2053; x_wconf 82' lang='grc' dir='ltr'><strong><em>αὐτὸν</em></strong></span> <span class='ocrx_word' id='word_1_151' title='bbox 594 1987 650 2051; x_wconf 84' lang='grc' dir='ltr'>καί</span> <span class='ocrx_word' id='word_1_152' title='bbox 674 1983 884 2071; x_wconf 66' lang='grc' dir='ltr'><strong><em>ἐξεσυρίττετ’</em></strong></span> <span class='ocrx_word' id='word_1_153' title='bbox 911 1987 946 2054; x_wconf 77' lang='grc' dir='ltr'>ἐκ</span> <span class='ocrx_word' id='word_1_154' title='bbox 973 1996 1043 2055; x_wconf 91' lang='grc' dir='ltr'><strong><em>τῶν</em></strong></span> <span class='ocrx_word' id='word_1_155' title='bbox 1064 1989 1219 2071; x_wconf 79' lang='grc' dir='ltr'><strong><em>θεάτρων</em></strong></span> <span class='ocrx_word' id='word_1_156' title='bbox 1241 1990 1296 2055; x_wconf 84' lang='grc' dir='ltr'>καὶ</span> <span class='ocrx_word' id='word_1_157' title='bbox 1325 1987 1431 2073; x_wconf 86' lang='grc' dir='ltr'><strong><em>μόνον</em></strong></span> <span class='ocrx_word' id='word_1_158' title='bbox 1461 1986 1503 2053; x_wconf 85' lang='grc' dir='ltr'>οὐ</span> 
     </span>
     <span class='ocr_line' id='line_1_18' title="bbox 262 2068 1502 2161; baseline -0.003 -19"><span class='ocrx_word' id='word_1_159' title='bbox 262 2068 447 2142; x_wconf 73' lang='grc' dir='ltr'><strong><em>κατελεύεθ’</em></strong></span> <span class='ocrx_word' id='word_1_160' title='bbox 475 2070 591 2152; x_wconf 84' lang='grc' dir='ltr'><strong><em>οὕτως,</em></strong></span> <span class='ocrx_word' id='word_1_161' title='bbox 617 2069 698 2139; x_wconf 80' lang='grc' dir='ltr'><strong><em>ὥστε</em></strong></span> <span class='ocrx_word' id='word_1_162' title='bbox 721 2079 929 2140; x_wconf 88' lang='grc' dir='ltr'><strong><em>τελευτῶντα</em></strong></span> <span class='ocrx_word' id='word_1_163' title='bbox 945 2082 1007 2140; x_wconf 90' lang='grc' dir='ltr'><strong><em>τοῦ</em></strong></span> <span class='ocrx_word' id='word_1_164' title='bbox 1021 2084 1293 2161; x_wconf 81' lang='grc' dir='ltr'><strong><em>τριταγωνιστεῖν</em></strong></span> <span class='ocrx_word' id='word_1_165' title='bbox 1308 2070 1502 2159; x_wconf 79' lang='grc' dir='ltr'><strong><em>ἀποστῆσαι,</em></strong></span> 
     </span>
     <span class='ocr_line' id='line_1_19' title="bbox 263 2154 1502 2247; baseline -0.002 -20"><span class='ocrx_word' id='word_1_166' title='bbox 263 2157 377 2245; x_wconf 79' lang='grc' dir='ltr'><strong><em>ἐπειδὴ</em></strong></span> <span class='ocrx_word' id='word_1_167' title='bbox 404 2155 430 2226; x_wconf 79' lang='grc' dir='ltr'>θ’</span> <span class='ocrx_word' id='word_1_168' title='bbox 450 2154 512 2226; x_wconf 85' lang='grc' dir='ltr'>οὐκ</span> <span class='ocrx_word' id='word_1_169' title='bbox 538 2159 591 2225; x_wconf 80' lang='grc' dir='ltr'>ἐπὶ</span> <span class='ocrx_word' id='word_1_170' title='bbox 620 2166 678 2245; x_wconf 91' lang='grc' dir='ltr'>τῆς</span> <span class='ocrx_word' id='word_1_171' title='bbox 707 2168 830 2245; x_wconf 82' lang='grc' dir='ltr'><strong><em>σκηνῆς</em></strong></span> <span class='ocrx_word' id='word_1_172' title='bbox 851 2156 918 2226; x_wconf 81' lang='grc' dir='ltr'><strong><em>ἀλλ’</em></strong></span> <span class='ocrx_word' id='word_1_173' title='bbox 952 2160 989 2227; x_wconf 81' lang='grc' dir='ltr'>έν</span> <span class='ocrx_word' id='word_1_174' title='bbox 1018 2170 1088 2239; x_wconf 83' lang='grc' dir='ltr'><strong><em>τοῖς</em></strong></span> <span class='ocrx_word' id='word_1_175' title='bbox 1110 2170 1237 2240; x_wconf 87' lang='grc' dir='ltr'><strong><em>κοινοῖς</em></strong></span> <span class='ocrx_word' id='word_1_176' title='bbox 1258 2163 1314 2227; x_wconf 85' lang='grc' dir='ltr'>καὶ</span> <span class='ocrx_word' id='word_1_177' title='bbox 1335 2164 1502 2247; x_wconf 82' lang='grc' dir='ltr'><strong><em>μεγίστοις</em></strong></span> 
     </span>
     <span class='ocr_line' id='line_1_20' title="bbox 262 2241 1502 2333; baseline 0 -21"><span class='ocrx_word' id='word_1_178' title='bbox 262 2254 320 2331; x_wconf 91' lang='grc' dir='ltr'>τῆς</span> <span class='ocrx_word' id='word_1_179' title='bbox 350 2244 476 2324; x_wconf 86' lang='grc' dir='ltr'><strong><em>πόλεως</em></strong></span> <span class='ocrx_word' id='word_1_180' title='bbox 505 2246 672 2331; x_wconf 75' lang='grc' dir='ltr'><strong><em>πράγμασι</em></strong></span> <span class='ocrx_word' id='word_1_181' title='bbox 701 2241 787 2331; x_wconf 83' lang='grc' dir='ltr'><strong><em>μάρί</em></strong></span> <span class='ocrx_word' id='word_1_182' title='bbox 814 2249 983 2331; x_wconf 78' lang='grc' dir='ltr'><strong><em>εἴργασται</em></strong></span> <span class='ocrx_word' id='word_1_183' title='bbox 1005 2247 1099 2326; x_wconf 91' lang='grc' dir='ltr'><strong><em>κακά,</em></strong></span> <span class='ocrx_word' id='word_1_184' title='bbox 1131 2243 1304 2333; x_wconf 77' lang='grc' dir='ltr'><strong><em>τηνικαῦθ’</em></strong></span> <span class='ocrx_word' id='word_1_185' title='bbox 1333 2245 1376 2325; x_wconf 81' lang='grc' dir='ltr'><strong><em>ῶς</em></strong></span> <span class='ocrx_word' id='word_1_186' title='bbox 1398 2244 1502 2313; x_wconf 88' lang='grc' dir='ltr'><strong><em>καλὸν</em></strong></span> 
     </span>
     <span class='ocr_line' id='line_1_21' title="bbox 264 2331 1502 2421; baseline -0.002 -23"><span class='ocrx_word' id='word_1_187' title='bbox 264 2331 486 2421; x_wconf 82' lang='grc' dir='ltr'><strong><em>φθεγγομένῳ</em></strong></span> <span class='ocrx_word' id='word_1_188' title='bbox 521 2332 727 2416; x_wconf 83' lang='grc' dir='ltr'><strong><em>προσέχοιτε.</em></strong></span> <span class='ocrx_word' id='word_1_189' title='bbox 779 2331 901 2396; x_wconf 91' lang='lat' dir='ltr'>Histrio</span> <span class='ocrx_word' id='word_1_190' title='bbox 939 2333 1113 2398; x_wconf 80' lang='lat' dir='ltr'>Aeschines</span> <span class='ocrx_word' id='word_1_191' title='bbox 1150 2339 1199 2397; x_wconf 90' lang='lat' dir='ltr'>est</span> <span class='ocrx_word' id='word_1_192' title='bbox 1238 2333 1318 2397; x_wconf 84' lang='lat' dir='ltr'>artis</span> <span class='ocrx_word' id='word_1_193' title='bbox 1356 2332 1502 2395; x_wconf 86' lang='lat' dir='ltr'>ludicras</span> 
     </span>
     <span class='ocr_line' id='line_1_22' title="bbox 263 2416 1503 2501; baseline -0.001 -19"><span class='ocrx_word' id='word_1_194' title='bbox 263 2416 533 2501; x_wconf 86' lang='lat' dir='ltr'>imperitissimus,</span> <span class='ocrx_word' id='word_1_195' title='bbox 549 2418 604 2500; x_wconf 92' lang='lat' dir='ltr'>qui</span> <span class='ocrx_word' id='word_1_196' title='bbox 620 2438 718 2501; x_wconf 89' lang='lat' dir='ltr'>saepe</span> <span class='ocrx_word' id='word_1_197' title='bbox 734 2417 978 2483; x_wconf 87' lang='lat' dir='ltr'>exsibilabatur.</span> <span class='ocrx_word' id='word_1_198' title='bbox 1024 2419 1117 2484; x_wconf 88' lang='lat' dir='ltr'>Nunc</span> <span class='ocrx_word' id='word_1_199' title='bbox 1132 2425 1240 2484; x_wconf 87' lang='lat' dir='ltr'>antem</span> <span class='ocrx_word' id='word_1_200' title='bbox 1257 2441 1320 2483; x_wconf 89' lang='lat' dir='ltr'>non</span> <span class='ocrx_word' id='word_1_201' title='bbox 1335 2420 1368 2482; x_wconf 91' lang='lat' dir='ltr'>in</span> <span class='ocrx_word' id='word_1_202' title='bbox 1384 2438 1503 2482; x_wconf 86' lang='lat' dir='ltr'>scaena</span> 
     </span>
     <span class='ocr_line' id='line_1_23' title="bbox 264 2502 1502 2589; baseline 0.001 -22"><span class='ocrx_word' id='word_1_203' title='bbox 264 2503 357 2589; x_wconf 87' lang='lat' dir='ltr'>(„aui</span> <span class='ocrx_word' id='word_1_204' title='bbox 383 2502 455 2567; x_wconf 89' lang='lat' dir='ltr'>dem</span> <span class='ocrx_word' id='word_1_205' title='bbox 488 2502 714 2588; x_wconf 87' lang='lat' dir='ltr'>Spielplatz“),</span> <span class='ocrx_word' id='word_1_206' title='bbox 744 2503 774 2568; x_wconf 94' lang='lat' dir='ltr'>h.</span> <span class='ocrx_word' id='word_1_207' title='bbox 798 2524 824 2570; x_wconf 90' lang='lat' dir='ltr'>e.</span> <span class='ocrx_word' id='word_1_208' title='bbox 845 2510 882 2569; x_wconf 92' lang='lat' dir='ltr'>ut</span> <span class='ocrx_word' id='word_1_209' title='bbox 904 2505 1036 2579; x_wconf 83' lang='lat' dir='ltr'>histrio,</span> <span class='ocrx_word' id='word_1_210' title='bbox 1067 2506 1124 2570; x_wconf 88' lang='lat' dir='ltr'>sed</span> <span class='ocrx_word' id='word_1_211' title='bbox 1152 2507 1184 2569; x_wconf 93' lang='lat' dir='ltr'>in</span> <span class='ocrx_word' id='word_1_212' title='bbox 1208 2507 1341 2570; x_wconf 90' lang='lat' dir='ltr'>summis</span> <span class='ocrx_word' id='word_1_213' title='bbox 1363 2504 1502 2587; x_wconf 82' lang='lat' dir='ltr'>negotiis</span> 
     </span>
     <span class='ocr_line' id='line_1_24' title="bbox 263 2589 1501 2675; baseline -0.001 -21"><span class='ocrx_word' id='word_1_214' title='bbox 263 2590 417 2674; x_wconf 91' lang='lat' dir='ltr'>publicis,</span> <span class='ocrx_word' id='word_1_215' title='bbox 447 2589 479 2653; x_wconf 90' lang='lat' dir='ltr'>h.</span> <span class='ocrx_word' id='word_1_216' title='bbox 503 2611 529 2653; x_wconf 93' lang='lat' dir='ltr'>e.</span> <span class='ocrx_word' id='word_1_217' title='bbox 559 2596 596 2653; x_wconf 91' lang='lat' dir='ltr'>ut</span> <span class='ocrx_word' id='word_1_218' title='bbox 626 2595 741 2653; x_wconf 84' lang='lat' dir='ltr'>auctor</span> <span class='ocrx_word' id='word_1_219' title='bbox 768 2590 892 2654; x_wconf 89' lang='lat' dir='ltr'>consilii</span> <span class='ocrx_word' id='word_1_220' title='bbox 915 2592 1037 2673; x_wconf 79' lang='lat' dir='ltr'>publici</span> <span class='ocrx_word' id='word_1_221' title='bbox 1059 2592 1200 2675; x_wconf 86' lang='lat' dir='ltr'>plurima</span> <span class='ocrx_word' id='word_1_222' title='bbox 1222 2593 1309 2656; x_wconf 86' lang='lat' dir='ltr'>mala</span> <span class='ocrx_word' id='word_1_223' title='bbox 1333 2592 1501 2655; x_wconf 86' lang='lat' dir='ltr'>commisit.</span> 
     </span>
    </p>

    <p class='ocr_par' dir='ltr' id='par_1_4' title="bbox 262 2675 1506 4228">
     <span class='ocr_line' id='line_1_25' title="bbox 351 2675 1502 2764; baseline 0.003 -24"><span class='ocrx_word' id='word_1_224' title='bbox 351 2678 487 2740; x_wconf 87' lang='lat' dir='ltr'>Restant</span> <span class='ocrx_word' id='word_1_225' title='bbox 508 2676 571 2740; x_wconf 90' lang='lat' dir='ltr'>loci</span> <span class='ocrx_word' id='word_1_226' title='bbox 595 2676 749 2754; x_wconf 88' lang='lat' dir='ltr'>nonnulli,</span> <span class='ocrx_word' id='word_1_227' title='bbox 772 2676 828 2740; x_wconf 90' lang='lat' dir='ltr'>nbi</span> <span class='ocrx_word' id='word_1_228' title='bbox 853 2683 984 2741; x_wconf 85' lang='lat' dir='ltr'>exstant</span> <span class='ocrx_word' id='word_1_229' title='bbox 998 2679 1098 2743; x_wconf 82' lang='lat' dir='ltr'>verba</span> <span class='ocrx_word' id='word_1_230' title='bbox 1122 2682 1154 2746; x_wconf 90' lang='grc' dir='ltr'>οί</span> <span class='ocrx_word' id='word_1_231' title='bbox 1177 2679 1243 2742; x_wconf 83' lang='lat' dir='ltr'>sive</span> <span class='ocrx_word' id='word_1_232' title='bbox 1266 2678 1306 2745; x_wconf 85' lang='grc' dir='ltr'><strong><em>τὰ</em></strong></span> <span class='ocrx_word' id='word_1_233' title='bbox 1327 2675 1393 2746; x_wconf 89' lang='grc' dir='ltr'>άπὸ</span> <span class='ocrx_word' id='word_1_234' title='bbox 1417 2678 1502 2764; x_wconf 86' lang='grc' dir='ltr'><strong><em>(τῆς)</em></strong></span> 
     </span>
     <span class='ocr_line' id='line_1_26' title="bbox 264 2763 1502 2850; baseline -0.002 -20"><span class='ocrx_word' id='word_1_235' title='bbox 264 2772 404 2850; x_wconf 85' lang='grc' dir='ltr'><strong><em>σκηνῆς,</em></strong></span> <span class='ocrx_word' id='word_1_236' title='bbox 434 2769 533 2846; x_wconf 86' lang='lat' dir='ltr'>atque</span> <span class='ocrx_word' id='word_1_237' title='bbox 565 2763 749 2846; x_wconf 88' lang='lat' dir='ltr'>quaeritur,</span> <span class='ocrx_word' id='word_1_238' title='bbox 778 2768 888 2827; x_wconf 91' lang='lat' dir='ltr'>utrum</span> <span class='ocrx_word' id='word_1_239' title='bbox 911 2763 1127 2847; x_wconf 85' lang='lat' dir='ltr'>„Spiclplatz“</span> <span class='ocrx_word' id='word_1_240' title='bbox 1157 2786 1198 2828; x_wconf 87' lang='lat' dir='ltr'>an</span> <span class='ocrx_word' id='word_1_241' title='bbox 1222 2764 1432 2847; x_wconf 72' lang='lat' dir='ltr'>„Spielhaus‘</span> <span class='ocrx_word' id='word_1_242' title='bbox 1454 2765 1502 2827; x_wconf 91' lang='lat' dir='ltr'>in-</span> 
     </span>
     <span class='ocr_line' id='line_1_27' title="bbox 263 2849 1502 2934; baseline 0.003 -21"><span class='ocrx_word' id='word_1_243' title='bbox 263 2849 480 2932; x_wconf 84' lang='lat' dir='ltr'>tellegendum</span> <span class='ocrx_word' id='word_1_244' title='bbox 508 2850 559 2913; x_wconf 92' lang='lat' dir='ltr'>sit.</span> <span class='ocrx_word' id='word_1_245' title='bbox 601 2850 763 2934; x_wconf 78' lang='lat' dir='ltr'>[Aristot]</span> <span class='ocrx_word' id='word_1_246' title='bbox 796 2849 954 2913; x_wconf 88' lang='lat' dir='ltr'>Problem.</span> <span class='ocrx_word' id='word_1_247' title='bbox 978 2850 1111 2915; x_wconf 81' lang='lat' dir='ltr'>XLVIII</span> <span class='ocrx_word' id='word_1_248' title='bbox 1131 2874 1161 2934; x_wconf 88' lang='lat' dir='ltr'>p.</span> <span class='ocrx_word' id='word_1_249' title='bbox 1188 2850 1297 2917; x_wconf 83' lang='lat' dir='ltr'>922b:</span> <span class='ocrx_word' id='word_1_250' title='bbox 1330 2860 1436 2918; x_wconf 85' lang='grc' dir='ltr'><strong><em>ταῦτα</em></strong></span> <span class='ocrx_word' id='word_1_251' title='bbox 1467 2852 1502 2917; x_wconf 76' lang='grc' dir='ltr'>δὲ</span> 
     </span>
     <span class='ocr_line' id='line_1_28' title="bbox 262 2932 1501 3025; baseline -0.001 -22"><span class='ocrx_word' id='word_1_252' title='bbox 262 2935 364 3022; x_wconf 85' lang='grc' dir='ltr'><strong><em>άμφω</em></strong></span> <span class='ocrx_word' id='word_1_253' title='bbox 397 2945 486 3025; x_wconf 79' lang='grc' dir='ltr'><strong><em>χορῷ</em></strong></span> <span class='ocrx_word' id='word_1_254' title='bbox 523 2938 584 3020; x_wconf 78' lang='grc' dir='ltr'>μὲν</span> <span class='ocrx_word' id='word_1_255' title='bbox 619 2932 825 3021; x_wconf 86' lang='grc' dir='ltr'><strong><em>ἀνάρμοστα,</em></strong></span> <span class='ocrx_word' id='word_1_256' title='bbox 866 2946 936 3015; x_wconf 82' lang='grc' dir='ltr'><strong><em>τοῖς</em></strong></span> <span class='ocrx_word' id='word_1_257' title='bbox 975 2938 1010 3004; x_wconf 77' lang='grc' dir='ltr'>δὲ</span> <span class='ocrx_word' id='word_1_258' title='bbox 1040 2934 1106 3005; x_wconf 88' lang='grc' dir='ltr'>άπὸ</span> <span class='ocrx_word' id='word_1_259' title='bbox 1143 2947 1266 3025; x_wconf 82' lang='grc' dir='ltr'><strong><em>σκηνῆς</em></strong></span> <span class='ocrx_word' id='word_1_260' title='bbox 1306 2937 1501 3019; x_wconf 83' lang='grc' dir='ltr'><strong><em>οἰκειότερα·</em></strong></span> 
     </span>
     <span class='ocr_line' id='line_1_29' title="bbox 265 3020 1503 3109; baseline -0.004 -20"><span class='ocrx_word' id='word_1_261' title='bbox 265 3024 386 3089; x_wconf 79' lang='grc' dir='ltr'><strong><em>ἐκείνοι</em></strong></span> <span class='ocrx_word' id='word_1_262' title='bbox 407 3023 468 3108; x_wconf 77' lang='grc' dir='ltr'>μὲν</span> <span class='ocrx_word' id='word_1_263' title='bbox 489 3021 553 3106; x_wconf 81' lang='grc' dir='ltr'>γὰρ</span> <span class='ocrx_word' id='word_1_264' title='bbox 578 3020 698 3107; x_wconf 81' lang='grc' dir='ltr'><strong><em>ῆρῶων</em></strong></span> <span class='ocrx_word' id='word_1_265' title='bbox 717 3026 863 3109; x_wconf 90' lang='grc' dir='ltr'><strong><em>μιμηταί.</em></strong></span> <span class='ocrx_word' id='word_1_266' title='bbox 910 3023 1040 3086; x_wconf 85' lang='lat' dir='ltr'>Aristot.</span> <span class='ocrx_word' id='word_1_267' title='bbox 1064 3024 1152 3087; x_wconf 83' lang='lat' dir='ltr'>Poet.</span> <span class='ocrx_word' id='word_1_268' title='bbox 1176 3024 1246 3099; x_wconf 91' lang='lat' dir='ltr'>XII,</span> <span class='ocrx_word' id='word_1_269' title='bbox 1276 3029 1348 3106; x_wconf 78' lang='lat' dir='ltr'>2p.</span> <span class='ocrx_word' id='word_1_270' title='bbox 1376 3022 1503 3086; x_wconf 80' lang='lat' dir='ltr'>1452b:</span> 
     </span>
     <span class='ocr_line' id='line_1_30' title="bbox 264 3106 1503 3213; baseline -0.004 -39"><span class='ocrx_word' id='word_1_271' title='bbox 264 3107 389 3193; x_wconf 89' lang='grc' dir='ltr'><strong><em>κόμμος</em></strong></span> <span class='ocrx_word' id='word_1_272' title='bbox 418 3110 453 3174; x_wconf 78' lang='grc' dir='ltr'>δὲ</span> <span class='ocrx_word' id='word_1_273' title='bbox 482 3116 610 3213; x_wconf 81' lang='grc' dir='ltr'><strong><em>θρῆνος</em></strong></span> <span class='ocrx_word' id='word_1_274' title='bbox 640 3106 753 3185; x_wconf 87' lang='grc' dir='ltr'><strong><em>κοινὸς</em></strong></span> <span class='ocrx_word' id='word_1_275' title='bbox 780 3116 885 3191; x_wconf 85' lang='grc' dir='ltr'><strong><em>χοροῦ</em></strong></span> <span class='ocrx_word' id='word_1_276' title='bbox 915 3109 970 3174; x_wconf 85' lang='grc' dir='ltr'>καί</span> <span class='ocrx_word' id='word_1_277' title='bbox 1000 3108 1091 3193; x_wconf 79' lang='grc' dir='ltr'><strong><em>(τῶν)</em></strong></span> <span class='ocrx_word' id='word_1_278' title='bbox 1121 3106 1187 3176; x_wconf 88' lang='grc' dir='ltr'>άπὸ</span> <span class='ocrx_word' id='word_1_279' title='bbox 1214 3118 1348 3195; x_wconf 90' lang='grc' dir='ltr'><strong><em>σκηνῆς.</em></strong></span> <span class='ocrx_word' id='word_1_280' title='bbox 1393 3107 1503 3171; x_wconf 87' lang='lat' dir='ltr'>Verba</span> 
     </span>
     <span class='ocr_line' id='line_1_31' title="bbox 265 3189 1503 3279; baseline -0.006 -18"><span class='ocrx_word' id='word_1_281' title='bbox 265 3193 360 3279; x_wconf 83' lang='grc' dir='ltr'><strong><em>χορός</em></strong></span> <span class='ocrx_word' id='word_1_282' title='bbox 384 3198 416 3257; x_wconf 90' lang='lat' dir='ltr'>et</span> <span class='ocrx_word' id='word_1_283' title='bbox 439 3196 471 3260; x_wconf 89' lang='grc' dir='ltr'>οί</span> <span class='ocrx_word' id='word_1_284' title='bbox 493 3189 559 3259; x_wconf 86' lang='grc' dir='ltr'>ἀπο</span> <span class='ocrx_word' id='word_1_285' title='bbox 580 3202 703 3277; x_wconf 88' lang='grc' dir='ltr'><strong><em>σκηνῆς</em></strong></span> <span class='ocrx_word' id='word_1_286' title='bbox 732 3193 933 3276; x_wconf 86' lang='lat' dir='ltr'>(histriones)</span> <span class='ocrx_word' id='word_1_287' title='bbox 965 3194 1085 3257; x_wconf 86' lang='lat' dir='ltr'>acriter</span> <span class='ocrx_word' id='word_1_288' title='bbox 1115 3195 1200 3257; x_wconf 90' lang='lat' dir='ltr'>inter</span> <span class='ocrx_word' id='word_1_289' title='bbox 1229 3216 1263 3257; x_wconf 88' lang='lat' dir='ltr'>se</span> <span class='ocrx_word' id='word_1_290' title='bbox 1287 3199 1503 3277; x_wconf 87' lang='lat' dir='ltr'>opponuntur.</span> 
     </span>
     <span class='ocr_line' id='line_1_32' title="bbox 265 3277 1505 3377; baseline -0.002 -34"><span class='ocrx_word' id='word_1_291' title='bbox 265 3280 371 3361; x_wconf 82' lang='lat' dir='ltr'>Supra</span> <span class='ocrx_word' id='word_1_292' title='bbox 404 3277 532 3377; x_wconf 86' lang='grc' dir='ltr'><strong><em>σκηνῆν</em></strong></span> <span class='ocrx_word' id='word_1_293' title='bbox 566 3278 810 3362; x_wconf 80' lang='lat' dir='ltr'>(„Spielplatz“)</span> <span class='ocrx_word' id='word_1_294' title='bbox 843 3300 915 3342; x_wconf 89' lang='lat' dir='ltr'>eum</span> <span class='ocrx_word' id='word_1_295' title='bbox 950 3300 1020 3342; x_wconf 89' lang='lat' dir='ltr'>esse</span> <span class='ocrx_word' id='word_1_296' title='bbox 1051 3281 1156 3343; x_wconf 93' lang='lat' dir='ltr'>locum</span> <span class='ocrx_word' id='word_1_297' title='bbox 1189 3280 1345 3356; x_wconf 84' lang='lat' dir='ltr'>vidimus,</span> <span class='ocrx_word' id='word_1_298' title='bbox 1382 3278 1438 3341; x_wconf 89' lang='lat' dir='ltr'>ubi</span> <span class='ocrx_word' id='word_1_299' title='bbox 1472 3283 1505 3341; x_wconf 89' lang='lat' dir='ltr'>et</span> 
     </span>
     <span class='ocr_line' id='line_1_33' title="bbox 266 3363 1503 3448; baseline -0.002 -19"><span class='ocrx_word' id='word_1_300' title='bbox 266 3365 384 3429; x_wconf 91' lang='lat' dir='ltr'>chorus</span> <span class='ocrx_word' id='word_1_301' title='bbox 414 3372 447 3429; x_wconf 89' lang='lat' dir='ltr'>et</span> <span class='ocrx_word' id='word_1_302' title='bbox 474 3364 649 3428; x_wconf 90' lang='lat' dir='ltr'>h1striones</span> <span class='ocrx_word' id='word_1_303' title='bbox 678 3370 858 3428; x_wconf 84' lang='lat' dir='ltr'>versantur.</span> <span class='ocrx_word' id='word_1_304' title='bbox 912 3365 973 3443; x_wconf 81' lang='lat' dir='ltr'>Qui</span> <span class='ocrx_word' id='word_1_305' title='bbox 1004 3366 1030 3428; x_wconf 92' lang='lat' dir='ltr'>si</span> <span class='ocrx_word' id='word_1_306' title='bbox 1062 3366 1113 3429; x_wconf 93' lang='lat' dir='ltr'>his</span> <span class='ocrx_word' id='word_1_307' title='bbox 1135 3387 1263 3448; x_wconf 92' lang='lat' dir='ltr'>quoque</span> <span class='ocrx_word' id='word_1_308' title='bbox 1292 3364 1373 3428; x_wconf 90' lang='lat' dir='ltr'>locis</span> <span class='ocrx_word' id='word_1_309' title='bbox 1406 3363 1503 3445; x_wconf 85' lang='lat' dir='ltr'>signi-</span> 
     </span>
     <span class='ocr_line' id='line_1_34' title="bbox 264 3448 1504 3539; baseline -0.002 -25"><span class='ocrx_word' id='word_1_310' title='bbox 264 3451 427 3528; x_wconf 87' lang='lat' dir='ltr'>ficaretur,</span> <span class='ocrx_word' id='word_1_311' title='bbox 458 3454 491 3518; x_wconf 89' lang='grc' dir='ltr'>οί</span> <span class='ocrx_word' id='word_1_312' title='bbox 519 3448 584 3518; x_wconf 84' lang='grc' dir='ltr'><strong><em>εἰπὸ</em></strong></span> <span class='ocrx_word' id='word_1_313' title='bbox 613 3460 737 3537; x_wconf 87' lang='grc' dir='ltr'><strong><em>σκηνῆς</em></strong></span> <span class='ocrx_word' id='word_1_314' title='bbox 765 3450 895 3514; x_wconf 91' lang='lat' dir='ltr'>minime</span> <span class='ocrx_word' id='word_1_315' title='bbox 926 3453 1079 3515; x_wconf 88' lang='lat' dir='ltr'>contrarii</span> <span class='ocrx_word' id='word_1_316' title='bbox 1112 3458 1220 3516; x_wconf 88' lang='lat' dir='ltr'>essent</span> <span class='ocrx_word' id='word_1_317' title='bbox 1249 3460 1344 3539; x_wconf 79' lang='grc' dir='ltr'><strong><em>χορῷ.</em></strong></span> <span class='ocrx_word' id='word_1_318' title='bbox 1388 3452 1504 3532; x_wconf 90' lang='lat' dir='ltr'>Itaque</span> 
     </span>
     <span class='ocr_line' id='line_1_35' title="bbox 268 3536 1504 3621; baseline -0.002 -20"><span class='ocrx_word' id='word_1_319' title='bbox 268 3537 332 3601; x_wconf 88' lang='lat' dir='ltr'>alia</span> <span class='ocrx_word' id='word_1_320' title='bbox 370 3538 544 3601; x_wconf 83' lang='lat' dir='ltr'>statuenda</span> <span class='ocrx_word' id='word_1_321' title='bbox 585 3542 634 3601; x_wconf 92' lang='lat' dir='ltr'>est</span> <span class='ocrx_word' id='word_1_322' title='bbox 670 3538 734 3616; x_wconf 84' lang='lat' dir='ltr'>vis,</span> <span class='ocrx_word' id='word_1_323' title='bbox 772 3536 897 3601; x_wconf 88' lang='lat' dir='ltr'>scilicet</span> <span class='ocrx_word' id='word_1_324' title='bbox 932 3538 1088 3620; x_wconf 86' lang='lat' dir='ltr'>primaria</span> <span class='ocrx_word' id='word_1_325' title='bbox 1129 3538 1357 3621; x_wconf 72' lang='lat' dir='ltr'>„Spielhaus‘t</span> <span class='ocrx_word' id='word_1_326' title='bbox 1415 3536 1504 3600; x_wconf 90' lang='lat' dir='ltr'>Iusto</span> 
     </span>
     <span class='ocr_line' id='line_1_36' title="bbox 265 3623 1505 3706; baseline -0.002 -18"><span class='ocrx_word' id='word_1_327' title='bbox 265 3625 335 3689; x_wconf 92' lang='lat' dir='ltr'>iure</span> <span class='ocrx_word' id='word_1_328' title='bbox 372 3624 545 3689; x_wconf 91' lang='lat' dir='ltr'>histriones</span> <span class='ocrx_word' id='word_1_329' title='bbox 584 3624 710 3687; x_wconf 83' lang='lat' dir='ltr'>vocari:</span> <span class='ocrx_word' id='word_1_330' title='bbox 752 3624 807 3706; x_wconf 92' lang='lat' dir='ltr'>qui</span> <span class='ocrx_word' id='word_1_331' title='bbox 843 3644 862 3687; x_wconf 87' lang='grc' dir='ltr'>ε</span> <span class='ocrx_word' id='word_1_332' title='bbox 903 3623 998 3687; x_wconf 79' lang='grc' dir='ltr'><strong><em>(ίοιοο</em></strong></span> <span class='ocrx_word' id='word_1_333' title='bbox 1036 3624 1163 3688; x_wconf 86' lang='lat' dir='ltr'>ludicra</span> <span class='ocrx_word' id='word_1_334' title='bbox 1193 3629 1283 3703; x_wconf 88' lang='lat' dir='ltr'>sunt,</span> <span class='ocrx_word' id='word_1_335' title='bbox 1320 3623 1426 3687; x_wconf 89' lang='lat' dir='ltr'>elucet</span> <span class='ocrx_word' id='word_1_336' title='bbox 1466 3643 1505 3686; x_wconf 85' lang='lat' dir='ltr'>ex</span> 
     </span>
     <span class='ocr_line' id='line_1_37' title="bbox 267 3708 1506 3795; baseline -0.002 -22"><span class='ocrx_word' id='word_1_337' title='bbox 267 3712 321 3789; x_wconf 90' lang='lat' dir='ltr'>eis,</span> <span class='ocrx_word' id='word_1_338' title='bbox 356 3732 440 3793; x_wconf 87' lang='lat' dir='ltr'>quae</span> <span class='ocrx_word' id='word_1_339' title='bbox 470 3710 509 3774; x_wconf 90' lang='lat' dir='ltr'>de</span> <span class='ocrx_word' id='word_1_340' title='bbox 532 3710 672 3775; x_wconf 91' lang='lat' dir='ltr'>Pollucis</span> <span class='ocrx_word' id='word_1_341' title='bbox 700 3708 807 3773; x_wconf 86' lang='lat' dir='ltr'>verbis</span> <span class='ocrx_word' id='word_1_342' title='bbox 831 3709 938 3795; x_wconf 81' lang='grc' dir='ltr'><strong><em>σκηνῆ</em></strong></span> <span class='ocrx_word' id='word_1_343' title='bbox 960 3709 1152 3795; x_wconf 79' lang='grc' dir='ltr'><strong><em>ὑποκριτῶν</em></strong></span> <span class='ocrx_word' id='word_1_344' title='bbox 1173 3715 1263 3779; x_wconf 81' lang='grc' dir='ltr'><strong><em>’ίθιον</em></strong></span> <span class='ocrx_word' id='word_1_345' title='bbox 1294 3710 1506 3773; x_wconf 85' lang='lat' dir='ltr'>disseruimus</span> 
     </span>
     <span class='ocr_line' id='line_1_38' title="bbox 265 3796 1505 3880; baseline -0.003 -19"><span class='ocrx_word' id='word_1_346' title='bbox 265 3820 296 3880; x_wconf 92' lang='lat' dir='ltr'>p.</span> <span class='ocrx_word' id='word_1_347' title='bbox 321 3803 370 3861; x_wconf 84' lang='lat'>27.</span> <span class='ocrx_word' id='word_1_348' title='bbox 415 3797 468 3861; x_wconf 88' lang='lat' dir='ltr'>Sic</span> <span class='ocrx_word' id='word_1_349' title='bbox 492 3796 612 3860; x_wconf 87' lang='lat' dir='ltr'>acriter</span> <span class='ocrx_word' id='word_1_350' title='bbox 637 3797 722 3859; x_wconf 90' lang='lat' dir='ltr'>inter</span> <span class='ocrx_word' id='word_1_351' title='bbox 743 3818 777 3859; x_wconf 86' lang='lat' dir='ltr'>se</span> <span class='ocrx_word' id='word_1_352' title='bbox 800 3802 1008 3880; x_wconf 89' lang='lat' dir='ltr'>opponuntur</span> <span class='ocrx_word' id='word_1_353' title='bbox 1031 3797 1114 3861; x_wconf 88' lang='lat' dir='ltr'>duae</span> <span class='ocrx_word' id='word_1_354' title='bbox 1138 3798 1170 3861; x_wconf 92' lang='lat' dir='ltr'>in</span> <span class='ocrx_word' id='word_1_355' title='bbox 1193 3796 1363 3880; x_wconf 83' lang='lat' dir='ltr'>tragoedia</span> <span class='ocrx_word' id='word_1_356' title='bbox 1385 3801 1505 3879; x_wconf 88' lang='lat' dir='ltr'>partes.</span> 
     </span>
     <span class='ocr_line' id='line_1_39' title="bbox 265 3880 1506 3969; baseline 0.001 -23"><span class='ocrx_word' id='word_1_357' title='bbox 265 3883 375 3947; x_wconf 82' lang='lat' dir='ltr'>Verba</span> <span class='ocrx_word' id='word_1_358' title='bbox 407 3886 440 3950; x_wconf 86' lang='grc' dir='ltr'>οί</span> <span class='ocrx_word' id='word_1_359' title='bbox 460 3880 526 3950; x_wconf 90' lang='grc' dir='ltr'>άπὸ</span> <span class='ocrx_word' id='word_1_360' title='bbox 550 3892 674 3969; x_wconf 89' lang='grc' dir='ltr'><strong><em>σκηνῆς</em></strong></span> <span class='ocrx_word' id='word_1_361' title='bbox 701 3882 837 3963; x_wconf 82' lang='lat' dir='ltr'>legimus</span> <span class='ocrx_word' id='word_1_362' title='bbox 867 3882 963 3946; x_wconf 86' lang='lat' dir='ltr'>etiam</span> <span class='ocrx_word' id='word_1_363' title='bbox 996 3884 1085 3947; x_wconf 85' lang='lat' dir='ltr'>Deru.</span> <span class='ocrx_word' id='word_1_364' title='bbox 1109 3884 1224 3960; x_wconf 91' lang='lat' dir='ltr'>XVIII,</span> <span class='ocrx_word' id='word_1_365' title='bbox 1260 3888 1336 3947; x_wconf 80' lang='lat'>180:</span> <span class='ocrx_word' id='word_1_366' title='bbox 1366 3882 1506 3968; x_wconf 84' lang='grc' dir='ltr'><strong><em>(βούλει)</em></strong></span> 
     </span>
     <span class='ocr_line' id='line_1_40' title="bbox 267 3964 1506 4056; baseline 0 -21"><span class='ocrx_word' id='word_1_367' title='bbox 267 3970 301 4036; x_wconf 79' lang='grc' dir='ltr'><strong><em>σὲ</em></strong></span> <span class='ocrx_word' id='word_1_368' title='bbox 325 3971 361 4037; x_wconf 77' lang='grc' dir='ltr'>δὲ</span> <span class='ocrx_word' id='word_1_369' title='bbox 390 3965 464 4056; x_wconf 70' lang='grc' dir='ltr'><strong><em>μηδ’</em></strong></span> <span class='ocrx_word' id='word_1_370' title='bbox 497 3966 566 4055; x_wconf 77' lang='grc' dir='ltr'>ἥρω</span> <span class='ocrx_word' id='word_1_371' title='bbox 596 3966 656 4035; x_wconf 90' lang='grc' dir='ltr'><strong><em>τὸν</em></strong></span> <span class='ocrx_word' id='word_1_372' title='bbox 678 3968 821 4055; x_wconf 83' lang='grc' dir='ltr'><strong><em>τυχόντα</em></strong></span> <span class='ocrx_word' id='word_1_373' title='bbox 845 3971 936 4053; x_wconf 87' lang='grc' dir='ltr'><strong><em>(θῶ),</em></strong></span> <span class='ocrx_word' id='word_1_374' title='bbox 966 3966 1048 4036; x_wconf 80' lang='grc' dir='ltr'><strong><em>ἀλλὰ</em></strong></span> <span class='ocrx_word' id='word_1_375' title='bbox 1079 3969 1211 4037; x_wconf 86' lang='grc' dir='ltr'><strong><em>τούτων</em></strong></span> <span class='ocrx_word' id='word_1_376' title='bbox 1240 3968 1314 4037; x_wconf 82' lang='grc' dir='ltr'><strong><em>τινὰ</em></strong></span> <span class='ocrx_word' id='word_1_377' title='bbox 1345 3978 1413 4036; x_wconf 88' lang='grc' dir='ltr'><strong><em>τῶν</em></strong></span> <span class='ocrx_word' id='word_1_378' title='bbox 1441 3964 1506 4035; x_wconf 87' lang='grc' dir='ltr'>άπὸ</span> 
     </span>
     <span class='ocr_line' id='line_1_41' title="bbox 267 4052 1506 4147; baseline -0.001 -26"><span class='ocrx_word' id='word_1_379' title='bbox 267 4064 324 4141; x_wconf 90' lang='grc' dir='ltr'>τῆς</span> <span class='ocrx_word' id='word_1_380' title='bbox 346 4065 478 4141; x_wconf 89' lang='grc' dir='ltr'><strong><em>σκηνῆς,</em></strong></span> <span class='ocrx_word' id='word_1_381' title='bbox 502 4056 724 4141; x_wconf 83' lang='grc' dir='ltr'><strong><em>Κρεσφόντην</em></strong></span> <span class='ocrx_word' id='word_1_382' title='bbox 748 4053 768 4141; x_wconf 81' lang='grc' dir='ltr'>ἢ</span> <span class='ocrx_word' id='word_1_383' title='bbox 789 4056 943 4140; x_wconf 88' lang='grc' dir='ltr'><strong><em>Κρέοντα</em></strong></span> <span class='ocrx_word' id='word_1_384' title='bbox 967 4053 987 4141; x_wconf 80' lang='grc' dir='ltr'>ἢ</span> <span class='ocrx_word' id='word_1_385' title='bbox 1009 4053 1049 4123; x_wconf 81' lang='grc' dir='ltr'>ὃν</span> <span class='ocrx_word' id='word_1_386' title='bbox 1071 4057 1108 4124; x_wconf 82' lang='grc' dir='ltr'>έν</span> <span class='ocrx_word' id='word_1_387' title='bbox 1131 4063 1292 4147; x_wconf 77' lang='grc' dir='ltr'><strong><em>Κολλυτῷ</em></strong></span> <span class='ocrx_word' id='word_1_388' title='bbox 1314 4080 1394 4122; x_wconf 91' lang='grc' dir='ltr'><strong><em>ποτε</em></strong></span> <span class='ocrx_word' id='word_1_389' title='bbox 1412 4052 1506 4121; x_wconf 81' lang='grc' dir='ltr'><strong><em>Οἰνό-</em></strong></span> 
     </span>
     <span class='ocr_line' id='line_1_42' title="bbox 266 4139 973 4228; baseline 0.003 -21"><span class='ocrx_word' id='word_1_390' title='bbox 266 4168 352 4226; x_wconf 93' lang='grc' dir='ltr'><strong><em>μαον</em></strong></span> <span class='ocrx_word' id='word_1_391' title='bbox 374 4151 486 4220; x_wconf 87' lang='grc' dir='ltr'><strong><em>κακῶς</em></strong></span> <span class='ocrx_word' id='word_1_392' title='bbox 508 4139 772 4228; x_wconf 80' lang='grc' dir='ltr'><strong><em>ὑποκρινόμενος</em></strong></span> <span class='ocrx_word' id='word_1_393' title='bbox 788 4142 973 4226; x_wconf 77' lang='grc' dir='ltr'><strong><em>ἐπέτριψας.</em></strong></span> 
     </span>
    </p>
   </div>
   <div class='ocr_carea' id='block_1_3' title="bbox 269 4324 1507 4607">
    <p class='ocr_par' dir='ltr' id='par_1_5' title="bbox 269 4324 1507 4607">
     <span class='ocr_line' id='line_1_43' title="bbox 356 4324 1507 4398; baseline -0.002 -17"><span class='ocrx_word' id='word_1_394' title='bbox 356 4329 380 4391; x_wconf 91' lang='grc'>1)</span> <span class='ocrx_word' id='word_1_395' title='bbox 399 4327 440 4381; x_wconf 81' lang='lat' dir='ltr'>Oi.</span> <span class='ocrx_word' id='word_1_396' title='bbox 461 4328 547 4381; x_wconf 91' lang='lat' dir='ltr'>schol.</span> <span class='ocrx_word' id='word_1_397' title='bbox 565 4328 698 4383; x_wconf 89' lang='lat' dir='ltr'>Aeschin.</span> <span class='ocrx_word' id='word_1_398' title='bbox 719 4328 771 4382; x_wconf 90' lang='grc' dir='ltr'>ΠΙ</span> <span class='ocrx_word' id='word_1_399' title='bbox 790 4331 823 4383; x_wconf 87' lang='grc'>67</span> <span class='ocrx_word' id='word_1_400' title='bbox 842 4348 870 4398; x_wconf 91' lang='lat' dir='ltr'>p.</span> <span class='ocrx_word' id='word_1_401' title='bbox 883 4331 933 4383; x_wconf 81' lang='lat'>326</span> <span class='ocrx_word' id='word_1_402' title='bbox 952 4329 1080 4384; x_wconf 87' lang='lat' dir='ltr'>Schultz:</span> <span class='ocrx_word' id='word_1_403' title='bbox 1101 4330 1199 4383; x_wconf 83' lang='grc' dir='ltr'><strong><em>εἰσίασι</em></strong></span> <span class='ocrx_word' id='word_1_404' title='bbox 1218 4327 1247 4383; x_wconf 77' lang='grc' dir='ltr'>δὲ</span> <span class='ocrx_word' id='word_1_405' title='bbox 1269 4330 1330 4397; x_wconf 79' lang='grc' dir='ltr'><strong><em>δίχα</em></strong></span> <span class='ocrx_word' id='word_1_406' title='bbox 1349 4324 1507 4395; x_wconf 79' lang='grc' dir='ltr'><strong><em>προσοίκων</em></strong></span> 
     </span>
     <span class='ocr_line' id='line_1_44' title="bbox 269 4392 1507 4468; baseline 0 -20"><span class='ocrx_word' id='word_1_407' title='bbox 269 4395 296 4448; x_wconf 86' lang='lat' dir='ltr'>ol</span> <span class='ocrx_word' id='word_1_408' title='bbox 314 4392 463 4463; x_wconf 77' lang='grc' dir='ltr'><strong><em>άποκριταλ</em></strong></span> <span class='ocrx_word' id='word_1_409' title='bbox 481 4399 588 4464; x_wconf 86' lang='grc' dir='ltr'><strong><em>γυμνοί.</em></strong></span> <span class='ocrx_word' id='word_1_410' title='bbox 619 4397 684 4451; x_wconf 87' lang='grc' dir='ltr'>Ηοο</span> <span class='ocrx_word' id='word_1_411' title='bbox 704 4416 813 4467; x_wconf 88' lang='lat' dir='ltr'>quoquc</span> <span class='ocrx_word' id='word_1_412' title='bbox 834 4399 898 4452; x_wconf 90' lang='lat' dir='ltr'>Iccc</span> <span class='ocrx_word' id='word_1_413' title='bbox 917 4398 952 4452; x_wconf 87' lang='lat' dir='ltr'>de</span> <span class='ocrx_word' id='word_1_414' title='bbox 990 4416 1112 4468; x_wconf 85' lang='lat' dir='ltr'>roagcne</span> <span class='ocrx_word' id='word_1_415' title='bbox 1130 4399 1223 4467; x_wconf 84' lang='lat' dir='ltr'>agitur</span> <span class='ocrx_word' id='word_1_416' title='bbox 1235 4403 1318 4466; x_wconf 85' lang='lat' dir='ltr'>atque</span> <span class='ocrx_word' id='word_1_417' title='bbox 1330 4414 1395 4450; x_wconf 83' lang='lat' dir='ltr'>sane</span> <span class='ocrx_word' id='word_1_418' title='bbox 1407 4397 1507 4449; x_wconf 91' lang='lat' dir='ltr'>mirum</span> 
     </span>
     <span class='ocr_line' id='line_1_45' title="bbox 269 4464 1507 4536; baseline 0.002 -20"><span class='ocrx_word' id='word_1_419' title='bbox 269 4470 311 4517; x_wconf 86' lang='lat' dir='ltr'>est</span> <span class='ocrx_word' id='word_1_420' title='bbox 328 4466 396 4533; x_wconf 88' lang='lat' dir='ltr'>ipsis</span> <span class='ocrx_word' id='word_1_421' title='bbox 415 4466 454 4517; x_wconf 90' lang='lat' dir='ltr'>eis</span> <span class='ocrx_word' id='word_1_422' title='bbox 472 4466 550 4531; x_wconf 89' lang='lat' dir='ltr'>Iocis,</span> <span class='ocrx_word' id='word_1_423' title='bbox 577 4467 623 4518; x_wconf 92' lang='lat' dir='ltr'>ubi</span> <span class='ocrx_word' id='word_1_424' title='bbox 643 4467 676 4520; x_wconf 86' lang='lat' dir='ltr'>de</span> <span class='ocrx_word' id='word_1_425' title='bbox 697 4485 837 4536; x_wconf 86' lang='lat' dir='ltr'>proagcne</span> <span class='ocrx_word' id='word_1_426' title='bbox 856 4469 944 4520; x_wconf 87' lang='lat' dir='ltr'>verba</span> <span class='ocrx_word' id='word_1_427' title='bbox 981 4472 1039 4534; x_wconf 89' lang='lat' dir='ltr'>unt,</span> <span class='ocrx_word' id='word_1_428' title='bbox 1062 4485 1160 4521; x_wconf 90' lang='lat' dir='ltr'>vocem</span> <span class='ocrx_word' id='word_1_429' title='bbox 1179 4464 1332 4532; x_wconf 82' lang='grc' dir='ltr'><strong><em>άτιοκριταί</em></strong></span> <span class='ocrx_word' id='word_1_430' title='bbox 1349 4464 1507 4534; x_wconf 82' lang='lat' dir='ltr'>significare</span> 
     </span>
     <span class='ocr_line' id='line_1_46' title="bbox 269 4532 1245 4607; baseline 0.004 -22"><span class='ocrx_word' id='word_1_431' title='bbox 269 4532 418 4587; x_wconf 86' lang='lat' dir='ltr'>histriones</span> <span class='ocrx_word' id='word_1_432' title='bbox 437 4537 465 4587; x_wconf 90' lang='lat' dir='ltr'>et</span> <span class='ocrx_word' id='word_1_433' title='bbox 483 4534 606 4603; x_wconf 86' lang='lat' dir='ltr'>chorum,</span> <span class='ocrx_word' id='word_1_434' title='bbox 626 4552 690 4588; x_wconf 90' lang='lat' dir='ltr'>cum</span> <span class='ocrx_word' id='word_1_435' title='bbox 706 4536 821 4604; x_wconf 86' lang='lat' dir='ltr'>reliquis</span> <span class='ocrx_word' id='word_1_436' title='bbox 839 4536 977 4607; x_wconf 87' lang='lat' dir='ltr'>significet</span> <span class='ocrx_word' id='word_1_437' title='bbox 995 4537 1070 4590; x_wconf 87' lang='lat' dir='ltr'>sclcs</span> <span class='ocrx_word' id='word_1_438' title='bbox 1088 4536 1245 4589; x_wconf 87' lang='lat' dir='ltr'>histriones.</span> 
     </span>
    </p>
   </div>
   <div class='ocr_carea' id='block_1_4' title="bbox 0 0 1737 5367">
    <p class='ocr_par' dir='ltr' id='par_1_6' title="bbox 0 0 1737 5367">
     <span class='ocr_line' id='line_1_47' title="bbox 0 0 1737 5367; baseline 0 0"><span class='ocrx_word' id='word_1_439' title='bbox 0 0 1737 5367; x_wconf 95' lang='lat' dir='ltr'> </span> 
     </span>
    </p>
   </div>
  </div>
 </body>
</html>
