3450 5367
780 516 993 582 ..42-

273 689 366 772 quasi
390 690 468 773 ipsis
491 688 547 765 eis,
581 710 664 773 quae
687 686 758 754 fieri
780 686 883 772 fingit,
915 689 1054 768 intersit,
1089 695 1168 772 apta
1197 688 1347 768 inveniet,
1377 688 1512 755 evitabit

272 778 460 860 pugnantia.
507 777 610 855 Quam
638 777 891 841 enuntiationem
922 776 962 841 de
992 782 1091 860 poet-a
1120 777 1241 841 dictam
1272 798 1342 841 esse
1365 783 1512 860 apparet.

272 864 341 927 Iam
363 863 510 946 sequitur
533 863 729 946 exemplum:
764 862 920 929 Carcinus
939 869 1037 946 poeta
1059 864 1204 946 tragicus
1226 863 1430 947 vituperatus
1453 871 1512 943 est,

272 950 359 1033 quod
369 948 602 1033 Amphiaraum
619 971 635 1014 e
651 949 773 1033 templo
790 954 960 1015 exeuntem
974 950 1070 1015 fecit:
1091 950 1179 1033 quod
1190 970 1254 1013 non
1271 971 1405 1014 cernens
1419 951 1511 1015 thea-

272 1042 359 1101 trum
371 1035 469 1118 fugit3
492 1038 538 1101 sie
558 1036 734 1101 secundum
753 1036 874 1101 codicis
890 1037 1061 1101 lectionem
1075 1035 1175 1102 verba
1192 1042 1272 1101 sunt
1285 1038 1512 1119 intellegenda,

272 1143 376 1206 neque
404 1128 516 1188 tamen
546 1144 675 1189 sensum
705 1122 881 1206 praebent3
909 1144 1050 1206 quonam
1078 1124 1162 1189 enim
1186 1122 1281 1188 modo
1304 1124 1375 1188 fieri
1397 1126 1512 1207 potuit,

271 1215 309 1275 ut
324 1208 406 1275 illud
423 1230 486 1274 non
504 1214 651 1274 cerneret
669 1209 844 1287 theatrum,
867 1210 953 1293 quod
974 1209 1120 1275 fabulam
1137 1231 1200 1274 non
1217 1211 1308 1293 prius
1324 1232 1422 1293 quam
1438 1217 1513 1275 acta

273 1302 324 1361 est
352 1296 524 1379 cognovit?
567 1296 744 1361 Vahlenius
774 1297 921 1379 scripsit:
953 1293 972 1364 ὃ
999 1294 1046 1383 μὴ
1073 1293 1190 1381 ὁρῶντ’
1221 1295 1264 1363 ἂν
1294 1295 1354 1364 τὸν
1384 1296 1512 1383 θεατὴν

276 1382 468 1463 ἐλάνθανεν,
487 1404 570 1467 quae
590 1404 667 1448 sane
681 1383 848 1447 lenissima
863 1388 913 1447 est
929 1385 1125 1461 coniectura,
1148 1382 1204 1447 sed
1224 1404 1309 1465 quae
1327 1383 1370 1446 ad
1385 1390 1513 1447 senten-

273 1470 392 1533 tiarum
414 1490 570 1533 conexum
590 1490 653 1533 non
669 1469 825 1553 quadrat3
848 1491 925 1533 nam
946 1470 999 1533 bic
1022 1490 1135 1535 sensus
1158 1470 1316 1534 efficitur:
1342 1470 1513 1550 Quodnisi

273 1561 464 1639 spectasset,
485 1577 550 1620 nou
569 1556 852 1622 animadvertisset
868 1556 1043 1636 theatrum,
1065 1556 1122 1621 sed
1138 1557 1172 1622 in
1185 1578 1312 1634 scaena,
1330 1556 1387 1621 ubi
1406 1558 1514 1621 omnia

273 1643 352 1725 ipsis
369 1643 470 1707 oeulis
486 1650 720 1726 proponuntur,
737 1647 770 1708 et
780 1642 863 1708 vidit
879 1648 912 1708 et
927 1664 1023 1725 aegre
1038 1644 1123 1708 tulit.
1159 1643 1221 1709 Sed
1236 1649 1377 1726 poetam,
1393 1644 1420 1708 si
1434 1644 1514 1707 acti·

273 1749 365 1793 onem
378 1728 439 1793 sibi
456 1736 628 1813 proponat,
650 1730 830 1814 pugnantia
844 1731 967 1795 evitare
985 1728 1263 1817 (ripam-duroto
1274 1728 1318 1797 άν
1334 1729 1513 1813 λανθάνοι)

274 1816 421 1899 exemplo
444 1815 656 1899 comprobare
679 1816 748 1881 vult
771 1816 971 1882 Aristoteles.
1019 1818 1116 1899 Atqui
1147 1817 1294 1899 sequitur
1322 1817 1513 1900 exemplum,

273 1923 337 1987 quo
361 1902 604 1968 demonstratur
629 1903 769 1986 aliquem
790 1904 972 1985 pugnantia
991 1902 1112 1983 fugisse
1141 1901 1200 1989 (μὴ
1222 1900 1353 1989 ὁρῶντα
1367 1902 1514 1970 -ἐλάν-

273 1989 393 2072 θανεν)
408 2026 451 2035 -
465 2010 541 2053 nam
563 1989 596 2053 in
617 1989 682 2054 illis
705 1986 780 2058 ὁΆ.
804 1990 837 2069 ἐξ
859 1992 953 2075 ἱεροῦ
974 1985 1070 2077 ιἰνῄει
1090 1991 1269 2072 pugnantia
1284 1990 1392 2072 posita
1413 1989 1514 2053 fuisse

273 2075 524 2157 intellegendum
548 2081 605 2139 ost.
661 2078 806 2159 Apparet
834 2076 935 2158 igitur
965 2076 1147 2159 exemplum
1179 2075 1219 2140 de
1246 2082 1353 2159 poeta,
1388 2096 1452 2139 non
1474 2075 1514 2138 de

273 2160 404 2225 theatro
427 2183 497 2226 esse
519 2162 771 2245 intellegendum
790 2166 889 2245 atque
911 2160 1060 2226 mendum
1084 2164 1190 2226 inesse
1210 2164 1243 2226 in
1264 2160 1363 2227 verbo
1379 2160 1514 2247 θεατήν.

274 2247 344 2311 Hoc
360 2247 570 2331 Gomperzius
585 2249 754 2327 intellexit,
772 2250 826 2330 qui
843 2249 964 2332 optime
980 2249 1132 2313 coniecit:
1154 2245 1233 2335 ὃμὴ
1251 2245 1368 2334 ὁρῶντ’
1387 2244 1515 2334 αζύλτὸν

275 2332 431 2419 [θεατὴν]
454 2334 649 2416 ἐλάνθανεν,
672 2334 728 2399 ubi
752 2332 857 2403 αὐτὸν
880 2333 1043 2417 significat
1065 2333 1126 2403 τὸν
1147 2335 1298 2422 ποιητήν.
1349 2336 1516 2417 Fugerunt

274 2425 405 2503 poetam
421 2422 609 2503 pugnantia,
625 2422 780 2504 quamdiu
795 2443 859 2486 non
875 2422 978 2486 oculis
994 2421 1158 2500 cernebat,
1173 2421 1203 2485 h.
1217 2442 1243 2485 e.
1260 2442 1333 2485 cum
1345 2442 1515 2504 compono-

273 2504 334 2570 bat
355 2512 387 2570 et
410 2506 580 2571 excolebat
602 2507 757 2585 fabulam,
788 2508 841 2575 ἐαλ
864 2510 900 2575 δὲ
924 2517 983 2595 τῆς
1007 2518 1146 2595 σκηνῆςε
1169 2508 1403 2590 cumprimum
1425 2508 1514 2584 vidit,

276 2592 307 2657 h.
332 2614 357 2655 e.
382 2614 454 2657 cum
477 2597 552 2657 acta
575 2599 625 2658 est
647 2593 760 2659 fabula
789 2632 832 2643 -
861 2596 927 2658 iam
951 2599 1177 2677 exspectatur:
1205 2594 1435 2659 animadvertit
1456 2616 1514 2676 pu·
1598 2662 1601 2668 ,

275 2679 423 2762 gnantia3
438 2700 498 2763 pro
510 2680 628 2763 quibus
646 2679 836 2746 Aristoteles
850 2680 884 2744 id
901 2680 1005 2757 affert,
1021 2680 1106 2763 quod
1122 2682 1188 2744 vito
1200 2702 1220 2743 a
1233 2687 1332 2763 poeta
1344 2683 1514 2745 commisso

275 2764 425 2830 effectum
448 2773 514 2832 est:
539 2788 636 2850 aegre
658 2767 788 2832 theatro
812 2788 956 2832 errorem
977 2767 1101 2831 ferente
1124 2768 1250 2832 cecidit.
1285 2768 1338 2833 Sic
1353 2768 1515 2832 sententia

275 2858 463 2917 constanter
478 2854 518 2917 ad
536 2854 630 2919 finem
647 2855 807 2937 perducta
822 2859 873 2919 est
885 2854 949 2918 leni
968 2854 1169 2919 coniectura:
1186 2851 1203 2921 ὃ
1218 2852 1264 2939 μὴ
1279 2850 1394 2938 ὁρῶντ’
1409 2851 1514 2921 αὐτὸν

276 2939 468 3007 ἐλάνθανεν.
503 2940 550 3003 Ad
574 2936 679 3009 αὐτόν
701 2941 928 3024 explicandum
951 2939 1011 3008 τὸν
1031 2939 1159 3026 θεατήν
1179 2942 1213 3003 in
1236 2942 1382 3022 margine
1398 2940 1515 3022 aliquis

275 3024 459 3106 adscripsit,
481 3047 564 3107 quae
580 3027 665 3090 falsa
686 3028 915 3111 interpretatio
937 3028 1033 3091 facile
1048 3029 1127 3091 oriri
1146 3027 1253 3110 potuit
1272 3048 1289 3090 e
1308 3026 1415 3091 verbis
1432 3047 1515 3108 quae

274 3117 453 3193 sequuntur
465 3110 743 3196 δυσχερανάντων
758 3121 826 3179 τῶν
840 3120 982 3180 θεατῶν.
1008 3113 1090 3177 lllud
1104 3114 1291 3193 marginale,
1304 3114 1398 3195 quasi
1411 3114 1516 3176 altera

275 3197 317 3259 sit
334 3196 441 3275 lectio,
463 3198 496 3259 in
513 3202 607 3261 textu
627 3197 849 3263 collocabatur
869 3219 929 3279 pro
951 3196 1067 3279 αὐτόν,
1088 3201 1136 3263 ita
1152 3205 1190 3263 ut
1212 3221 1252 3263 ex
1274 3198 1389 3285 ὁρῶντ’
1410 3196 1516 3267 αὐτόν

216 3346 218 3349 .
274 3282 369 3346 fieret
402 3280 532 3368 ὁρῶντα
562 3282 623 3351 τὸν
655 3283 790 3371 θεατήν.
844 3284 935 3361 Quae
956 3284 1078 3349 fuerint
1111 3287 1291 3368 pugnantia
1323 3288 1356 3349 in
1387 3286 1516 3350 Carcini

275 3368 396 3447 fabula,
429 3374 518 3433 certe
549 3374 694 3435 statuere
731 3391 795 3436 non
831 3392 1020 3453 possumus;
1060 3372 1117 3435 sed
1156 3373 1316 3437 actionem
1352 3393 1516 3456 pugnasse

276 3477 348 3519 eum
382 3476 530 3521 sermone
563 3456 755 3521 concludere
791 3456 931 3521 fortasse
963 3458 1041 3521 licet
1070 3479 1086 3521 e
1117 3458 1240 3523 verbis:
1276 3459 1332 3527 καὶ
1361 3468 1402 3547 τῇ
1432 3458 1516 3538 λέξει

276 3542 593 3629 συνατιεργάζεσθαι.
646 3542 868 3608 Intelleximus
897 3544 997 3624 igitur
1026 3544 1126 3608 verba
1156 3546 1209 3612 ἐπὶ
1240 3546 1275 3613 δὲ
1305 3554 1364 3631 τῆς
1392 3553 1516 3631 σκηνῆς

275 3630 426 3711 opposita
449 3650 519 3693 esse
541 3629 606 3694 illis
635 3628 680 3716 μὴ
704 3626 831 3715 ὁρῶντ’.
876 3629 976 3712 Atqui
998 3651 1062 3694 non
1086 3630 1167 3695 vidit
1189 3638 1295 3713 poeta,
1328 3653 1400 3695 eum
1429 3651 1516 3694 com-

275 3713 418 3797 ponebat
447 3714 602 3794 fabula-m,
635 3716 726 3795 vidit,
754 3738 826 3781 cum
854 3715 968 3781 fabula
998 3723 1074 3781 acta
1097 3722 1155 3782 est.
1200 3718 1313 3800 Neque
1335 3724 1444 3782 tamen
1467 3738 1516 3780 se·

276 3802 395 3883 quitur,
418 3806 455 3866 ut
477 3801 584 3889 σκηνή
607 3802 669 3866 hoc
690 3803 761 3867 loco
782 3801 943 3885 significet
959 3804 1197 3885 spectaculum3
1220 3803 1276 3867 sed
1293 3804 1402 3868 valent
1416 3804 1517 3867 verba

276 3888 330 3955 ἐπὶ
351 3897 475 3973 σκηνῆς
504 3888 586 3974 „auf
602 3888 672 3952 dem
700 3889 905 3973 Spielplatz“,
937 3891 1021 3953 sicut
1042 3910 1101 3953 nos
1122 3910 1251 3972 quoque
1274 3890 1410 3955 dicimus
1442 3888 1520 3968 „auf

276 3973 334 4038 der
349 3974 481 4038 sooner
504 3995 564 4057 pro
587 3973 660 4062 „bei
675 3975 733 4039 der
750 3974 983 4058 Auffiihrung“.
1018 3975 1161 4039 Verbum
1183 3976 1310 4057 ἐξέπεσε
1332 3976 1516 4057 Fliclringer

276 4059 315 4123 de
339 4059 451 4124 fabula
468 4059 658 4144 'praedicari
679 4068 785 4143 putat,
813 4062 923 4125 malim
955 4061 1144 4141 intellegere
1173 4061 1343 4145 deposta,
1372 4062 1411 4125 de
1442 4082 1515 4143 quo,

276 4147 304 4209 si
336 4167 465 4210 sensum
494 4153 633 4229 spectas,
673 4150 771 4213 etiam
787 4169 886 4231 quae
916 4147 1113 4212 antecedunt
1142 4149 1389 4231 praedicentur:
1423 4144 1442 4214 ὃ
1470 4145 1517 4232 μὴ

276 4228 391 4315 ὁρῶντ’
416 4230 520 4299 αὐτὸν
551 4231 745 4302 ἐλάνθανεν.
800 4236 957 4301 Scaeuam
987 4233 1086 4299 fuisse
1116 4234 1278 4317 pulpitum
1307 4234 1369 4297 hoo
1400 4254 1417 4297 e
1444 4233 1516 4296 loco

276 4316 424 4382 concludi
444 4338 508 4381 non
530 4324 647 4401 potest.

362 4403 443 4467 Ibid.
474 4404 633 4483 xxlv,s
663 4428 693 4487 p.
720 4411 846 4470 llssoa:
882 4410 935 4473 δεῖ
964 4407 1025 4489 μὲν
1056 4396 1119 4473 οὖν
1152 4405 1189 4472 ἐν
1216 4414 1288 4484 ταῖς
1317 4407 1517 4493 τραγῳδίαις

276 4500 387 4558 ποιεῖν
421 4487 459 4557 τὸ
491 4490 699 4577 θαυμαστόν,
736 4500 863 4578 μᾶλλον
893 4488 925 4559 d'
952 4492 1118 4578 ἐνδέχεται
1152 4492 1189 4559 ἐν
1219 4500 1261 4580 τῇ
1291 4492 1445 4580 ἐαοαοιλᾳ
1479 4489 1526 4558 ab
