3450 5367
733 507 989 603 ¹-14-

262 716 356 775 erant
387 708 555 793 diligentia
588 716 711 793 quanta
744 732 881 775 scaenae
914 712 1012 777 frans.
1057 711 1119 774 Dic
1148 710 1235 774 Cass.
1267 711 1382 789 LXIII,
1414 717 1442 788 6,
1468 716 1501 775 l:

258 798 313 864 καὶ
337 796 375 863 τὸ
404 798 566 881 θέατρον,
596 794 656 881 οὐχ
679 794 730 863 ὅτι
753 794 774 883 ῆ
797 797 904 883 σκηνῆ
932 794 1014 863 ἀλλὰ
1040 796 1139 882 καλῆ
1167 799 1360 882 περιφέρεια
1393 794 1502 863 αὐτοῦ

257 892 347 951 πᾶσα
368 884 510 950 ἔνδοθεν
534 882 739 968 έκεχρύσοιτο
761 885 816 950 καὶ
839 875 940 954 τᾶλλα
963 882 1023 950 ὅσα
1046 882 1133 971 ἐσῄει
1155 893 1267 973 χρυσῷ
1290 883 1499 969 ἐκεκόσμητο·

259 966 314 1053 ἀφ’
341 960 382 1037 οὗ
405 972 459 1035 καὶ
481 969 544 1055 τῆν
568 968 693 1056 ῆμέραν
716 967 822 1055 αὐτὴν
837 979 965 1055 χρυσῆν
981 971 1208 1055 ἐπωνόμασαν.
1247 973 1391 1033 Scaenae
1410 971 1499 1032 frons

258 1056 346 1119 haud
377 1058 424 1119 ita
448 1077 522 1121 raro
553 1056 868 1138 magnificentissime
898 1063 997 1138 atque
1027 1057 1125 1119 etiam
1151 1077 1231 1119 auro
1262 1056 1501 1136 exornabatur3

259 1142 298 1205 cf.
329 1142 435 1206 Valer.
466 1142 550 1206 Max.
573 1142 612 1221 ΙΙ,
643 1150 671 1221 4,
702 1148 736 1205 6:
776 1145 946 1226 (scaenam)
988 1153 1079 1206 toturn
1119 1154 1249 1221 arpenta
1291 1146 1321 1205 C.
1344 1149 1502 1216 Antoniae,

261 1250 339 1293 oaro
368 1233 519 1305 Petreius,
549 1233 640 1293 ebore
673 1236 705 1305 Q.
739 1233 864 1293 Catulos
889 1235 1081 1307 praetexuit,
1115 1229 1193 1292 Plin.
1221 1228 1258 1291 N.
1285 1228 1323 1290 H.
1354 1228 1501 1305 xxxvl,

261 1321 337 1378 114:
368 1320 428 1378 into
454 1336 535 1395 pars
565 1336 699 1379 scaenae
729 1336 745 1378 e
774 1336 927 1380 marmore
954 1321 1028 1395 fait,
1060 1366 1066 1379 .
1092 1365 1099 1379 .
1124 1365 1162 1379 ..
1193 1337 1309 1378 samma
1341 1336 1357 1377 e
1390 1319 1500 1378 tabulis

259 1406 422 1464 inauratis.
478 1400 559 1464 Plut.
592 1403 680 1465 Arat.
710 1408 765 1465 15:
800 1401 967 1487 πρότερον
1087 1400 1147 1467 τὸν
1176 1402 1364 1486 Αἰγύπτιον
1401 1398 1499 1466 ἐθαύ-

258 1492 336 1572 μαζε
367 1494 514 1553 πλοῦτον
538 1541 543 1553 .
569 1541 575 1553 .
601 1542 606 1554 .
631 1489 708 1554 νννλ
738 1491 772 1554 δέ
804 1485 871 1555 ὑπὸ
900 1487 1027 1573 σκηνῆν
1056 1486 1210 1572 ἑωρακὼς
1238 1487 1346 1553 πάντα
1370 1484 1410 1552 τὰ
1434 1487 1503 1552 ἐκεῖ

258 1573 433 1658 πράγματα
463 1578 653 1662 τραγῳδίαν
675 1570 756 1640 ὅντα
781 1576 836 1641 καὶ
863 1579 1118 1660 σκηνογραφίαν
1148 1572 1232 1652 ὅλως
1262 1571 1341 1659 ῆμῑν
1363 1590 1498 1656 προσκε-

257 1658 417 1745 χώρηκεν.
463 1660 570 1723 Verba
594 1658 660 1727 ὑπὸ
684 1662 811 1747 σκηνῆν
843 1661 1025 1743 significare
1054 1666 1148 1743 „post
1171 1661 1300 1723 domum
1323 1660 1502 1722 ludicram‘

260 1766 360 1828 supra
374 1746 520 1809 vidimus.
555 1748 645 1824 Quae
667 1753 776 1811 tamen
796 1748 843 1811 vis
866 1747 1014 1810 hocloco
1030 1768 1157 1810 sensum
1174 1767 1238 1809 non
1252 1745 1398 1828 praebet.
1433 1745 1497 1807 Sed

258 1831 311 1895 hic
335 1837 384 1895 est
406 1834 639 1897 sententiarum
664 1854 819 1897 conexus:
850 1836 1015 1917 Aegyptus
1044 1838 1253 1915 comparatur
1277 1853 1348 1896 cum
1371 1830 1500 1894 ludicra

260 1919 355 1981 domo
378 1916 694 2000 magnificentissime
717 1921 748 1982 in
773 1918 878 1982 fronte
902 1925 1027 1998 ornata,
1051 1920 1142 1982 cuius
1158 1919 1287 1982 divitias
1305 1923 1423 1981 Aratus
1444 1917 1500 1979 ad-

259 2004 412 2084 miretur3
442 2026 513 2069 cum
537 2026 613 2069 vero
642 2011 717 2088 past
747 2006 886 2070 frontem
910 2011 1030 2084 cernat,
1069 2006 1234 2087 cognoscit
1264 2005 1387 2082 omnia,
1417 2024 1501 2085 quae

259 2090 314 2168 ibi,
336 2091 356 2153 i.
374 2112 400 2153 e.
423 2091 456 2154 in
478 2092 633 2155 interiore
655 2092 768 2156 domus
790 2098 885 2175 parte
900 2092 1113 2170 inveniantur,
1136 2092 1215 2154 nihil
1231 2112 1301 2155 esse
1324 2091 1386 2154 nisi
1402 2111 1502 2173 appa-

260 2182 351 2240 ratus
372 2178 569 2259 magnificos,
594 2178 648 2260 qui
673 2185 781 2242 tamen
796 2178 916 2242 nullius
932 2184 1007 2242 sunt
1030 2200 1065 2241 re
1081 2199 1159 2241 vera
1176 2180 1283 2260 pretii.
1324 2177 1502 2240 Simulatae

258 2264 358 2345 igitur
381 2270 456 2327 sunt
485 2264 560 2328 illae
591 2265 730 2329 divitiae.
768 2263 834 2331 ὑπὸ
857 2264 985 2351 σκηνῆν
1015 2266 1115 2346 igitur
1138 2264 1199 2327 hoc
1229 2265 1299 2327 loco
1323 2263 1503 2345 significat:

258 2355 333 2431 post
356 2370 492 2413 scaenae
513 2350 667 2428 frontem,
701 2352 787 2433 quod
817 2372 875 2414 nos
905 2352 1040 2414 dicimus
1074 2351 1201 2429 „hinter
1230 2350 1281 2414 die
1304 2350 1500 2413 Oculissen“.

259 2436 340 2499 Item
361 2434 439 2499 Luc.
459 2436 545 2499 Nero
566 2443 602 2501 9:
633 2433 777 2521 ῆκροᾶιο
800 2434 866 2503 ὑπὸ
898 2446 938 2522 τῆ
962 2445 1068 2546 σκηνῆ
1099 2433 1145 2503 ἐπ’
1172 2433 1264 2526 αὐτῷ
1295 2434 1338 2520 δῆ
1363 2432 1498 2520 τᾶγιῖνι.

262 2520 411 2585 Philostr.
438 2522 471 2585 V.
495 2522 598 2605 Apoll.
623 2523 674 2599 vl,
705 2530 737 2585 ll
763 2546 792 2605 p.
819 2529 879 2586 113
903 2502 958 2585 li:
977 2522 1015 2589 τὸ
1038 2522 1104 2589 υπὸ
1127 2532 1250 2608 σκηνῆς
1272 2521 1502 2608 ἀποθνῄσκειν

261 2606 450 2698 ἐπενόησεν,
483 2606 524 2687 ὡς
545 2607 590 2694 μῆ
614 2609 650 2674 έν
667 2618 803 2699 φανερῷ
827 2610 977 2693 σφάτνοι.
1023 2610 1068 2672 Id.
1093 2610 1128 2675 V.
1152 2610 1248 2691 Scph.
1272 2610 1367 2686 1,9‚1
1393 2630 1423 2689 p.
1440 2613 1502 2671 208

259 2693 315 2757 K.:
343 2696 371 2760 εἰ
394 2692 456 2779 γὰρ
479 2692 539 2761 τὸν
559 2695 728 2779 Αἰσχύλον
751 2697 1033 2782 ένθνμηθελημεν,
1069 2692 1111 2774 εἷς
1132 2696 1237 2761 πολλὰ
1266 2704 1307 2782 τῆ
1331 2697 1501 2783 τραγῳδίᾳ

260 2778 458 2865 ξννεβιλλεκο
489 2780 605 2866 ἐσθῆτι
633 2807 667 2848 τε
699 2777 806 2867 αὐκῆν
835 2781 1083 2860 κατασκευάσας
1109 2784 1165 2848 καὶ
1191 2778 1363 2867 ὀκρίβαννι
1386 2780 1504 2867 ὑψηλῷ

260 2868 316 2933 καὶ
340 2864 460 2975 ῆρώοιν
481 2870 603 2934 εἴδεσιν
623 2863 773 2953 ἀγγέλοις
796 2893 829 2934 τε
858 2870 914 2935 καὶ
937 2868 1122 2953 έξαγγέλοις
1144 2869 1199 2934 καὶ
1231 2864 1280 2946 οἷς
1303 2866 1356 2933 ἐπὶ
1380 2884 1420 2933 σκ
1444 2874 1504 2951 νῆς

261 2954 317 3020 καὶ
336 2950 403 3019 υπὸ
432 2962 555 3039 σκηνῆς
577 2952 640 3039 χρῆ
664 2953 821 3039 πράττειν
842 2962 910 3037 κτλ.
954 2954 1071 3017 Mirum
1096 2960 1153 3032 est,
1182 2954 1268 3035 quad
1293 2952 1409 3017 Miiller
1421 2894 1453 3015 l
1477 2972 1504 3015 c.

262 3061 291 3121 p.
315 3038 415 3102 rade
438 3038 592 3103 hocloco
615 3041 708 3103 dicit:
739 3040 898 3119 „Wcllten
922 3041 979 3103 wir
1002 3042 1035 3104 in
1061 3041 1182 3104 diesem
1204 3039 1503 3122 Zusammenhange

263 3123 329 3191 ὑπὸ
353 3133 476 3211 σκηνῆς
499 3126 557 3187 mit
590 3126 716 3204 „hinter
739 3128 797 3189 der
820 3127 1039 3190 Vcrderwand
1072 3127 1128 3190 des
1151 3126 1379 3208 Spielhauses“
1408 3124 1503 3188 ilber-

262 3217 379 3289 semen,
401 3231 436 3274 so
452 3211 561 3275 wiirde
576 3212 693 3297 σκηνῆ,
716 3212 774 3275 das
798 3232 839 3275 an
860 3218 964 3276 crater
981 3211 1078 3275 Stelle
1102 3212 1172 3291 „die
1189 3212 1321 3275 sunna
1339 3210 1502 3287 bedeutet,

264 3298 297 3360 in
314 3298 575 3361 verschiedenem
593 3298 689 3361 Sinne
711 3296 892 3381 gebraucht
912 3299 989 3378 sein,
1012 3320 1078 3362 tuas
1093 3319 1201 3379 uegen
1224 3298 1282 3361 der
1296 3297 1502 3361 Zusammen·

263 3383 403 3465 stellung
426 3384 610 3466 unzul'aissig
632 3384 683 3448 ist.
720 3382 788 3451 ὑπὸ
812 3394 936 3470 σκηνῆς
958 3385 1001 3448 ist
1016 3386 1086 3449 hier
1102 3383 1257 3448 viclmehr
1279 3385 1350 3447 eine
1373 3382 1503 3446 formel-

263 3470 354 3534 hafte
385 3470 570 3551 Wendung‚
609 3472 667 3534 wie
705 3471 757 3534 bei
791 3492 851 3535 uns
883 3472 1009 3552 „hinter
1038 3471 1099 3534 den
1128 3470 1322 3535 Conlissen“.
1381 3469 1505 3547 Quibus

263 3556 370 3621 verbis
390 3578 496 3620 nonne
519 3556 659 3621 eundum
685 3558 857 3622 committit
878 3579 1036 3636 errorem,
1071 3578 1166 3639 quem
1198 3556 1271 3619 illos
1303 3556 1504 3619 committere

264 3648 375 3725 putat,
412 3645 467 3725 qui
501 3649 632 3707 vertunt
665 3643 791 3723 „hinter
825 3644 883 3707 der
914 3644 1131 3708 Vcrderwand
1164 3643 1220 3706 des
1254 3642 1504 3725 Spielhauses“‘t

266 3729 379 3792 Nonne
402 3730 471 3811 ipse
495 3750 623 3811 quoque
646 3731 744 3793 sumit
768 3731 928 3793 diversam
953 3751 1023 3794 esse
1037 3731 1126 3793 vocis
1148 3731 1311 3793 nationem
1327 3730 1359 3792 in
1378 3729 1505 3791 duabus

264 3815 505 3879 locutionibus?
536 3818 634 3879 Suam
651 3816 678 3879 si
694 3821 881 3881 constanter
895 3818 1067 3899 perficeret
1082 3816 1284 3894 sententiam,
1301 3812 1367 3882 ὑπὸ
1383 3822 1506 3900 σκηνῆς

266 3908 393 3965 vertere
422 3901 557 3966 deberet
585 3909 699 3982 „anter
729 3903 786 3967 der
810 3902 951 3967 Banna.
1007 3906 1113 3984 Atque
1135 3901 1275 3966 formula
1305 3902 1376 3982 illa,
1407 3922 1505 3983 quam

266 3988 345 4051 dicit
369 3989 495 4066 „hinter
518 3990 580 4052 den
604 3989 798 4065 Oculissen“‚
831 4010 866 4053 re
891 4010 967 4053 vera
997 3989 1042 4053 nil
1066 3990 1154 4052 aliud
1179 3994 1228 4052 est
1251 4010 1348 4070 quam
1379 3987 1506 4066 „hinter

270 4074 328 4136 der
364 4075 584 4138 Vcrderwand
632 4076 689 4139 des
726 4075 963 4159 Spielhauses“.
1031 4075 1094 4139 Sed
1138 4076 1307 4157 quaeritur
1346 4073 1507 4156 quomodo

269 4158 323 4227 ἐπὶ
344 4170 467 4246 σκηνῆς
497 4162 776 4245 interpretandum
800 4164 857 4244 sit3
888 4162 975 4245 quod
1004 4162 1090 4226 infra
1116 4161 1296 4226 videbimus
1324 4160 1506 4243 significare

266 4246 344 4325 „auf
367 4247 424 4309 der
447 4247 589 4312 nannet
634 4248 734 4313 Estne
757 4271 792 4313 re
816 4270 893 4313 vera
914 4250 1132 4313 necessarium
1155 4268 1265 4312 vocem
1293 4246 1402 4333 ouaor'
1419 4246 1505 4309 idern

269 4332 451 4414 significare
474 4334 507 4395 in
528 4332 595 4401 ὑπὸ
618 4344 741 4421 σκηνῆς
764 4336 850 4417 quod
874 4337 906 4399 in
930 4336 982 4403 ἐπὶ
1005 4336 1150 4422 σκηνῆςλ
1178 4336 1248 4398 Ηοο
1271 4334 1419 4417 equidem
1442 4353 1506 4395 non

266 4419 371 4482 creda.
410 4420 473 4483 Sed
489 4426 629 4501 utraque
653 4423 808 4486 orationis
828 4423 967 4486 formula
981 4422 1044 4487 fuit
1058 4444 1119 4486 usu
1138 4428 1288 4504 recepta:
1311 4421 1363 4487 ἐπὶ
1381 4427 1505 4505 σκηνῆς

266 4505 344 4587 „auf
365 4505 422 4569 der
445 4505 587 4587 Bonna,
617 4506 646 4569 h.
670 4528 696 4570 e.
726 4508 757 4570 in
781 4508 902 4572 theatri
925 4514 1115 4593 conspectu,
1138 4506 1204 4575 ὑπὸ
1227 4516 1351 4593 σκηνῆς
1379 4506 1507 4587 „hinter
