3450 5367
788 517 1004 585 ..35-

366 690 436 757 Hoc
460 688 499 755 de
522 692 594 755 loco
615 691 695 755 dicit
710 691 869 756 Christius
892 690 1088 776 (Sitzungsb.
1105 690 1135 754 d.
1150 691 1240 774 bayr.
1261 691 1364 757 Akad.
1379 691 1408 755 d.
1425 692 1521 772 Wiss.

281 782 363 844 1894
386 800 416 861 p.
441 779 512 860 28);
542 779 628 857 „Der
644 778 814 842 Verfasser
834 779 939 842 dieses
955 779 1160 861 Epigramms
1183 779 1347 861 (Simmiae
1363 778 1520 856 Rhodius,

276 866 332 946 qui
364 866 495 928 ineunte
529 865 658 928 saeculo
697 886 724 927 a.
755 864 827 929 Chr.
857 886 888 928 n.
918 866 1016 928 tertio
1048 864 1200 948 florebat)
1230 864 1323 929 hatte
1352 865 1452 929 schon
1482 887 1519 930 so

278 952 384 1031 wenig
407 950 499 1014 mehr
527 952 597 1014 eine
619 950 827 1031 Vorstelluug
858 972 919 1013 von
943 951 1015 1014 dem
1038 951 1313 1034 Zusammenspiel
1344 972 1405 1015 von
1434 951 1519 1016 Chor

275 1036 342 1101 und
365 1037 615 1119 Schauspielern
639 1038 671 1100 iu
695 1036 768 1100 dern
793 1038 882 1100 alten
902 1038 1032 1114 Drama,
1064 1037 1141 1101 dass
1165 1058 1200 1100 er
1222 1059 1287 1101 nun
1310 1038 1413 1102 selbst
1436 1038 1519 1102 auch

275 1122 328 1186 bei
364 1123 539 1205 Sophocles
574 1122 680 1209 σκηνή
708 1123 773 1187 und
807 1124 947 1210 θυμέλη,
982 1124 1073 1187 Platz
1105 1124 1163 1187 der
1197 1124 1425 1206 Schanspieler
1453 1125 1519 1187 und

275 1209 365 1273 Platz
382 1208 439 1272 des
455 1208 586 1287 ChoreS,
608 1209 804 1291 vollstiindig
819 1230 882 1273 von
902 1209 1057 1274 einander
1071 1209 1211 1273 schied.“
1256 1211 1411 1275 Fortasse
1427 1217 1515 1274 recte

275 1295 444 1373 ChristiuS,
467 1296 515 1359 ita
538 1302 575 1359 ut
596 1295 725 1360 diversa
745 1296 817 1359 loca
835 1295 1059 1377 significentur·
1074 1296 1181 1359 verbis
1203 1297 1332 1383 11ομ111)
1352 1303 1385 1361 et
1402 1296 1518 1384 σκηνή,

275 1382 343 1445 scil.
367 1402 486 1445 scaena
508 1380 597 1445 edita
618 1380 718 1447 fuisse
745 1382 894 1464 putanda
915 1383 966 1447 sit.
1018 1383 1055 1446 ld
1076 1382 1159 1446 idern
1192 1382 1279 1446 valet
1310 1389 1409 1465 atque
1431 1383 1518 1464 quod

275 1468 432 1531 Horatius
458 1473 518 1531 art.
540 1474 625 1554 poet.
648 1490 675 1533 v.
693 1474 754 1533 279
779 1469 906 1551 accepit
928 1468 970 1532 ab
986 1468 1144 1552 Aeschylo
1167 1470 1332 1533 inventum
1355 1490 1426 1533 esse
1447 1469 1518 1552 pul·

274 1555 387 1637 pitum.
444 1555 486 1618 At
507 1553 648 1618 fortasse
675 1554 764 1619 haud
794 1556 842 1619 ita
872 1556 993 1618 acriter
1022 1555 1150 1641 θυμέλη
1184 1560 1216 1618 01
1238 1554 1345 1641 σκηνή
1377 1556 1463 1619 inter
1483 1576 1518 1619 se

274 1641 444 1723 oppositae
469 1646 558 1720 sunt;
592 1640 649 1704 sed
674 1641 834 1719 Simmias,
866 1646 903 1705 ut
926 1662 943 1704 e
965 1642 1155 1722 tragoediae
1177 1643 1324 1723 personis
1355 1643 1517 1723 expressis

274 1726 380 1790 verbis
404 1728 549 1791 nominat
570 1726 713 1806 chorum,
744 1729 791 1791 sic
820 1733 953 1811 praeter
981 1728 1110 1813 σκηνήν
1141 1727 1345 1811 (Spielplatz)
1373 1729 1519 1791 nominat

273 1813 425 1899 θυμέλην
446 1812 743 1897 (=orchestram),
764 1820 801 1879 ut
823 1835 908 1896 quae
930 1816 1061 1896 proprie
1084 1816 1117 1878 in
1140 1814 1238 1878 choro
1265 1814 1402 1878 dicatur.
1454 1814 1516 1878 Sed

274 1901 307 1963 iu
329 1900 454 1963 incerto
476 1900 562 1964 hunc
582 1900 689 1964 locum
712 1900 894 1982 relinquam
917 1906 1016 1982 atque
1038 1900 1192 1964 iudicium
1215 1902 1383 1964 retineam.

360 1985 485 2063 Restat,
515 1992 552 2050 ut
585 1986 691 2051 dicam
724 1986 764 2051 de
798 1986 905 2051 verbis
940 1988 1091 2073 σκηνικοὶ
1119 1983 1246 2073 ἀγῶνες
1279 1992 1312 2050 et
1342 1987 1517 2073 θυμελικοὶ

273 2067 800 2240 111111νες111111111111116011111011111111
815 2073 1075 2241 bleldtrllmaprlbllls
1091 2074 1268 2239 11’.0111111111
1287 2079 1517 2242 prllhlbpbcdcllb

273 2239 448 2331 αὐλῳδῶν,
470 2253 687 2330 κιθαριστῶν,
710 2245 875 2333 αὐλητῶν,
891 2185 1517 2326 100001001111101100’010001100ιηῖ

271 2334 452 2410 poetarum.
498 2330 590 2407 Quod
606 2332 705 2396 verba
728 2334 880 2419 00ηο0101
900 2338 932 2395 01
948 2333 1122 2418 11ομ111κο1
1147 2328 1273 2417 ἀγῶνες
1295 2352 1355 2414 pro
1374 2332 1516 2394 dictione

272 2417 428 2501 μουσικοὶ
450 2412 577 2502 ἀγῶνες
598 2419 730 2500 utrique
754 2419 863 2500 generi
892 2419 1053 2483 communi
1082 2438 1147 2481 non
1177 2419 1267 2499 prius
1290 2439 1388 2499 quam
1412 2417 1517 2481 altera

273 2504 383 2583 quarti
422 2502 543 2566 saeculi
578 2510 673 2586 parte
709 2506 933 2583 inveniuntur,
971 2525 1168 2587 quamquam
1202 2510 1376 2587 utrumque
1412 2510 1517 2567 certa-

272 2588 393 2652 minum
417 2609 517 2670 genus
533 2589 697 2671 prioribus
719 2592 785 2654 iam
804 2590 1006 2672 temporibus
1026 2592 1060 2654 in
1079 2613 1141 2655 usu
1157 2596 1237 2668 erat,
1260 2591 1321 2655 hoc
1336 2590 1411 2654 inde
1427 2595 1515 2653 recte

273 2675 415 2757 explicat
445 2676 559 2739 Freius
590 2677 652 2762 (De
684 2676 917 2742 certaminibus
950 2676 1140 2760 thymelicis.
1186 2678 1269 2741 Diss.
1294 2676 1391 2742 Basel
1425 2682 1516 2752 1900,

271 2783 300 2843 p.
328 2763 389 2845 13),
420 2761 507 2845 quod
529 2769 647 2845 quarto
670 2762 800 2827 demum
828 2765 958 2827 saeculo
980 2763 1113 2827 theatra
1136 2769 1230 2827 extra
1253 2765 1397 2828 Atticam
1427 2761 1515 2826 aedi-

272 2847 365 2911 ficari
388 2854 504 2931 coepta
525 2854 601 2912 sunt
622 2856 655 2914 et
676 2850 811 2914 Athenis
835 2856 911 2914 ante
932 2850 1099 2914 theatrum
1122 2872 1143 2913 a
1164 2850 1312 2933 Lycurgo
1334 2848 1515 2914 confectum

271 2935 304 2996 in
328 2933 408 3013 odeo
439 2955 459 2997 a
488 2935 612 3000 Pericle
642 2936 813 3000 aedificato
842 2936 1018 3019 thymelica
1049 2958 1134 3019 quae
1167 2943 1282 3019 postea
1314 2934 1516 3000 vocabantur

274 3022 453 3083 certamina
476 3022 667 3102 agebantur.
712 3023 813 3087 Recte
836 3024 935 3087 etiam
959 3023 1020 3086 hoc
1043 3022 1122 3087 dicit
1145 3023 1259 3087 Freius
1282 3023 1462 3086 certamina
1484 3026 1517 3084 et

272 3106 447 3188 thymelica
470 3112 502 3170 et
525 3110 675 3172 scaenica
704 3130 768 3172 non
791 3130 811 3171 a
834 3130 960 3191 genere,
988 3109 1046 3174 sed
1070 3130 1090 3171 a
1110 3110 1182 3173 loco
1199 3110 1413 3172 denominata
1435 3128 1515 3171 esse.

273 3191 336 3256 Sed
360 3191 422 3255 hoc
446 3192 489 3256 ad
513 3194 739 3276 explicandum
763 3196 850 3279 quod
879 3196 1030 3260 Rethium
1052 3200 1182 3258 secutus
1206 3196 1304 3259 sumit
1333 3195 1366 3256 in
1389 3193 1515 3276 pulpito

272 3277 400 3342 fabulas
425 3285 516 3344 actas
546 3302 617 3345 esse
640 3281 713 3345 iude
737 3303 756 3345 a
779 3282 919 3365 Lycurgi
940 3280 1151 3364 temporibus,
1178 3301 1236 3344 suo
1259 3281 1329 3343 iure
1351 3280 1517 3360 vituperat

271 3364 507 3448 Flickingerp.
532 3371 624 3431 3711.
650 3374 676 3431 l.
722 3368 774 3432 Sic
797 3389 849 3433 res
874 3390 908 3433 se
931 3368 1039 3433 habet.
1093 3367 1126 3431 Si
1156 3388 1191 3430 re
1223 3387 1301 3430 vera
1323 3366 1356 3429 in
1378 3365 1515 3449 pulpito,

272 3452 324 3514 cui
339 3471 455 3515 nornen
479 3459 550 3516 erat
572 3453 689 3540 σκηνή,
711 3453 843 3519 fabulae
867 3455 1048 3537 agebantur
1071 3454 1210 3539 (scilicet
1223 3455 1281 3532 ita,
1297 3458 1334 3517 ut
1350 3458 1382 3517 et
1398 3452 1516 3516 chorus

274 3543 306 3600 et
328 3536 503 3602 histriones
524 3540 557 3603 in
579 3540 634 3604 illo
657 3562 750 3605 suum
773 3541 933 3605 haberent
955 3541 1084 3624 locum),
1107 3542 1228 3624 optime
1250 3541 1335 3604 inter
1359 3560 1393 3603 se
1416 3558 1516 3621 appo-

271 3628 393 3687 nuntur
415 3627 564 3689 scaenica
588 3632 666 3691 cert.
691 3632 722 3690 et
744 3626 928 3710 thymelica,
961 3627 981 3689 i.
1004 3648 1030 3691 e.
1054 3648 1137 3708 quae
1164 3628 1197 3690 in
1220 3647 1339 3691 scaena
1362 3625 1515 3708 (pulpito)

272 3714 305 3773 et
326 3730 409 3792 quae
432 3711 465 3774 in
486 3712 630 3794 thymela
653 3712 850 3795 (orchestra)
867 3711 1057 3793 agebantur.
1103 3712 1137 3776 si
1159 3732 1223 3775 non
1242 3714 1275 3775 in
1297 3711 1434 3795 pulpito,
1458 3711 1516 3775 sed

273 3801 349 3859 ante
372 3800 597 3879 proscaenium
620 3797 801 3879 agebantur
823 3797 964 3875 fabulae,
988 3798 1157 3881 quaeritur
1179 3818 1245 3879 qua
1266 3799 1392 3861 ratione
1416 3798 1516 3879 expli·

272 3888 385 3947 centur
407 3882 465 3946 illa
486 3886 625 3948 nomina.

358 3968 517 4046 Quoniam
546 3970 701 4046 vidimus,
733 3968 833 4053 quod·
854 3968 896 4032 ad
926 3967 1163 4033 hellenisticum
1192 3968 1359 4032 theatrum
1388 3969 1514 4044 attinet,
1562 3982 1566 3989 '

271 4056 472 4136 argumentis
488 4076 552 4120 uon
569 4075 662 4139 posse
680 4056 866 4119 confirmari
886 4075 998 4119 uocem
1021 4054 1128 4142 σκηνή
1148 4055 1332 4137 significare
1354 4054 1515 4138 pulpitum

270 4139 315 4224 (h.
346 4162 372 4205 e.
405 4141 527 4205 editum
556 4142 613 4206 ubi
643 4141 774 4207 fabulae
802 4148 945 4225 aguntur
979 4141 1109 4225 locum),
1151 4142 1238 4206 Freii
1267 4142 1515 4225 explicationem

270 4228 410 4291 nominis
433 4228 588 4314 σκηνικός
606 4227 748 4312 probare
770 4250 834 4293 non
856 4249 1038 4312 possumus.
1082 4229 1375 4315 1)(110010000111)
1392 4227 1515 4309 origine

271 4317 304 4376 et
327 4314 358 4376 vi
380 4313 576 4379 dissentiunt
597 4317 684 4380 inter
704 4337 738 4381 se
753 4315 889 4381 Bethius
914 4321 947 4380 et
960 4314 1170 4398 Dbrpfeldius
1186 4317 1220 4399 1).
1265 4314 1369 4393 Quam
1389 4315 1423 4379 in
1445 4335 1515 4377 rem

361 4505 386 4573 1)
406 4503 526 4559 Hermes
544 4502 674 4561 XXXVI
692 4506 782 4574 (1901)
799 4524 826 4576 p.
845 4507 896 4561 597
908 4522 967 4575 sqq.
986 4502 1131 4561 XXXVII
1150 4505 1241 4572 (1909)
1260 4521 1287 4574 p.
1307 4506 1359 4560 249
1370 4521 1430 4574 sqq.
