3450 5367
733 524 947 587 ..n-

215 696 302 761 tibus
325 718 342 760 e
359 696 476 778 quibus
493 695 603 760 hausit
621 718 697 761 usus
712 696 754 761 sit
769 696 962 778 inquirendo
978 695 1124 760 iudicare
1139 696 1300 779 possimus
1315 696 1454 760 alterum
1541 715 1545 720 ⁴

215 785 406 865 scriptorem
422 803 469 859 ea,
488 803 571 863 quae
590 782 629 846 de
645 783 761 865 prioris
778 783 896 847 aetatis
913 782 1010 846 rebus
1026 783 1137 860 tradit,
1156 804 1234 847 suae
1249 782 1351 866 ipsius
1367 789 1455 846 aeta·

215 872 257 933 tis
281 871 407 933 ratione
426 868 540 933 habita
557 875 683 933 mutare
707 868 819 947 solere,
843 870 982 932 alterum
1005 890 1068 931 non
1091 868 1204 932 solere.
1243 869 1306 934 Sed
1330 890 1483 951 semper·

216 956 452 1038 respiciendum
479 960 621 1018 osteum
645 956 677 1017 in
701 954 810 1018 multis
842 961 909 1019 tum
941 956 972 1018 in
997 954 1214 1019 theatralibus
1237 955 1334 1019 rebus
1364 976 1456 1019 enar-

217 1042 327 1106 randis
344 1042 488 1124 ipsorum
505 1046 680 1104 auctorum·
692 1042 859 1117 interesse,
883 1063 966 1124 quae
982 1047 1118 1104 narrant
1135 1042 1306 1125 perspicue
1321 1062 1457 1105 narrare

219 1150 266 1205 ec,
291 1129 378 1210 quod
393 1128 538 1211 priorum
562 1133 742 1211 temporum
760 1149 812 1191 res
829 1128 871 1191 ad
888 1150 1019 1192 suorum
1045 1133 1228 1211 temporum
1253 1128 1458 1191 condiciones

216 1215 381 1293 referunt3
423 1235 495 1277 nam
532 1222 619 1279 certe
657 1214 826 1296 permultis
860 1216 1078 1278 Romanorum
1115 1216 1234 1278 aetatis
1274 1213 1457 1278 hominibus

217 1301 370 1383 (fortasse
401 1301 479 1382 ipsis
510 1300 765 1383 scriptoribus),
787 1322 851 1382 qua
881 1302 996 1365 fuisset
1028 1300 1134 1365 forma
1163 1306 1261 1383 atque
1291 1299 1457 1364 structura

217 1388 379 1451 theatrum
397 1387 563 1468 antiquum
585 1387 792 1464 Graecorum,
812 1388 957 1469 ignotum
980 1393 1059 1451 erat.
1094 1388 1210 1469 Itaque
1232 1388 1360 1452 omnino
1377 1388 1457 1450 satis

217 1474 373 1539 audacter
397 1473 532 1554 agimus,
565 1474 592 1537 si
621 1472 778 1537 eiusmodi
809 1474 871 1537 loci
904 1474 1003 1538 verba
1026 1474 1068 1537 ad
1089 1474 1306 1556 antiquiorem
1336 1473 1458 1537 theatri

216 1560 352 1624 formam
374 1560 553 1623 referimus.

303 1647 340 1710 In
371 1646 474 1709 altera
506 1651 600 1728 parte
623 1646 833 1709 enumerandi
857 1651 952 1709 erunt
975 1646 1004 1709 ei
1026 1646 1106 1724 loci,
1137 1646 1191 1727 qui
1219 1646 1295 1709 inde
1317 1667 1337 1709 a
1359 1647 1457 1709 tertio

166 1806 169 1811 Ι
218 1733 286 1796 fere
310 1754 410 1813 usque
442 1732 483 1795 ad
505 1733 644 1815 primum
668 1753 696 1795 a.
721 1732 792 1795 Chr.
818 1755 846 1795 n.
879 1733 1042 1796 saeculnm
1066 1733 1241 1814 conscripti
1263 1738 1347 1811 sunt,
1375 1732 1405 1795 h.
1431 1754 1456 1795 e.

219 1842 291 1883 curn
316 1818 590 1896 „hellenisticum“
615 1818 734 1881 theatri
758 1840 858 1899 genus
881 1818 913 1880 in
938 1841 997 1882 usu
1020 1824 1100 1882 erat.
1146 1818 1216 1882 Hoc
1240 1838 1369 1899 quoque
1393 1839 1458 1900 qua

218 1905 316 1969 fuerit
339 1905 443 1968 forma
466 1911 602 1981 constat,
623 1926 727 1986 neque
751 1913 859 1969 tamen
883 1926 948 1986 qua
964 1907 1090 1969 ration'e
1106 1906 1139 1968 iu
1155 1926 1192 1968 eo
1214 1904 1345 1967 fabulae
1365 1911 1458 1968 actae

219 1992 292 2068 sint,
317 1991 521 2054 consentiunt
543 1990 603 2053 viri
626 1991 722 2055 docti.
775 1992 908 2055 Plurimi
932 1992 1026 2056 huius
1048 1992 1153 2074 partis
1175 1991 1237 2055 loci
1260 1996 1355 2055 erunt
1377 1991 1459 2054 anti-

219 2098 355 2159 quorum
379 2076 639 2141 scholiorum-ad
664 2076 822 2161 Aeschyli,
842 2078 1022 2161 Sophoclis,
1042 2077 1215 2160 Euripidis,
1232 2077 1459 2160 Aristophanis

221 2163 349 2228 tabulas
366 2164 632 2245 conscriptorum,
650 2185 742 2245 quae,
759 2185 957 2247 quamquam
973 2164 1127 2227 nonnulla
1144 2163 1282 2227 fortasse
1294 2164 1460 2227 Romanae

220 2250 323 2313 aetati
345 2249 519 2314 tribuenda
536 2256 619 2328 sunt,
643 2251 785 2315 maxima
808 2272 825 2314 e
840 2256 936 2333 parte
958 2251 1161 2315 hellenistiea
1176 2256 1285 2314 aetate
1301 2256 1375 2314 orta
1390 2270 1460 2314 csse

220 2357 348 2401 sumere
371 2336 454 2399 lieet.
1068 2365 1071 2371 ·

305 2423 342 2486 ln
364 2423 463 2485 tertia
487 2422 626 2504 denique
657 2427 751 2505 parte
775 2422 814 2486 de
845 2423 949 2504 quinti
974 2428 1073 2504 atque
1098 2422 1206 2504 quarti
1230 2422 1352 2487 saeculi
1382 2421 1461 2486 locis

220 2510 379 2592 agendum
404 2508 473 2587 erit,
497 2530 608 2572 eorum
631 2509 755 2573 scillcet
777 2515 968 2591 temporum,
1002 2509 1119 2591 quibus
1142 2530 1207 2591 qua
1230 2508 1328 2573 fuerit
1356 2508 1461 2573 forma

220 2617 259 2660 ac
282 2594 633 2665 structura'theat1·um
656 2596 825 2659 nescimus.

451 2824 484 2884 Α.
525 2820 579 2883 De
604 2820 858 2885 recentioris
883 2820 1047 2884 theatri
1071 2841 1232 2883 scaena.

286 2957 481 3032 ,Recentius
505 2958 704 3021 Graecorum
727 2959 901 3036 theatrum,
924 2957 1012 3039 quod
1035 2958 1217 3021 aVitruvio
1241 2957 1382 3021 describi
1406 2956 1461 3020 de-

223 3043 415 3106 monstravit
446 3042 655 3126 D'drpfeldius
686 3044 825 3126 (blitteil.
850 3044 879 3107 d.
903 3043 1107 3124 arehaeolog.
1130 3044 1279 3107 Instituts
1307 3066 1332 3106 z.
1355 3043 1461 3106 Athen

223 3129 315 3192 XXII
340 3130 451 3213 [1897]
475 3151 504 3212 p.
529 3134 590 3194 439
605 3152 689 3211 sqq.;
713 3130 822 3193 XXIII
846 3131 960 3215 [1898]
982 3152 1012 3212 p.
1037 3130 1205 3213 326sqq.),
1238 3135 1373 3213 excepto
1397 3130 1460 3192 Ro-

223 3236 318 3278 mano
341 3237 441 3278 unum
464 3221 521 3293 est,
544 3216 578 3279 in
600 3237 663 3297 quo
686 3216 846 3299 pulpitum
871 3216 970 3280 fuisse
988 3237 1081 3279 nemo
1104 3222 1203 3298 negat
1218 3222 1316 3298 atque
1332 3216 1373 3279 ab
1389 3216 1460 3297 ipso

222 3302 369 3366 Vitruvio
394 3301 603 3366 confirmatur
625 3302 663 3379 V,
689 3308 715 3380 7,
736 3306 769 3367 3:
801 3309 979 3381 eruptiorem
1001 3307 1115 3367 hebent
1136 3309 1325 3367 orchestram
1350 3307 1463 3365 Graeci

222 3400 252 3451 et
273 3408 418 3451 scoenom
438 3394 638 3452 recessiorem
657 3394 833 3467 minoreque
856 3394 1020 3453 latitudine
1037 3394 1201 3467 pulpitum,
1226 3395 1308 3467 qood
1330 3395 1462 3473 λογεῖον

222 3480 390 3552 oprtettout,
413 3479 482 3538 ideo
499 3481 581 3552 qood
602 3496 636 3538 eo
653 3480 767 3554 tropici
789 3487 818 3538 et
841 3480 947 3539 comici
970 3485 1091 3538 ociores
1114 3480 1145 3537 in
1159 3496 1274 3539 seoeoo
1291 3484 1461 3553 peroptant,

222 3566 335 3637 relioo‘
373 3570 472 3623 cotem
514 3566 649 3637 artifices
683 3584 757 3625 scos
789 3582 852 3639 per
884 3568 1074 3625 orchestram
1109 3572 1275 3639 proestont
1316 3566 1461 3623 actiones.

224 3645 420 3709 Fabularum
451 3646 551 3727 igitur
583 3653 711 3710 actores
740 3648 772 3710 in
807 3648 943 3730 pulpito,
973 3646 1091 3729 reliqui
1121 3668 1231 3711 omnes
1262 3646 1402 3710 artifices
1428 3646 1462 3708 in

223 3732 391 3795 orchestra
403 3732 553 3815 agebant.
587 3732 771 3797 Notandum
785 3739 834 3797 est
846 3734 880 3796 in
892 3734 1056 3816 plerisque
1069 3734 1164 3796 huius
1181 3734 1308 3814 generis
1322 3732 1461 3795 theatris

223 3818 482 3901 spectaculorum
506 3820 627 3900 gradus
650 3841 713 3883 non
745 3820 786 3883 ad
809 3820 914 3901 ipsam
938 3820 1149 3897 orchestram,
1179 3819 1235 3882 sed
1267 3840 1304 3881 eo
1333 3823 1461 3881 tantum

225 3904 430 3981 descendere,
453 3911 490 3969 ut
512 3906 640 3969 infimus
657 3906 777 3988 gradus
793 3928 856 3970 non
880 3906 953 3989 plus
970 3907 1111 3987 quinque
1135 3906 1272 3988 pedibus
1295 3904 1355 3968 sub
1377 3904 1463 3985 logei

224 3989 394 4053 altitudine
418 3992 498 4054 situs
521 3992 571 4054 sit.

312 4076 439 4139 Eisdem
458 4082 573 4143 ,autem
597 4076 811 4159 temporibus,
840 4078 958 4159 quibus
982 4077 1142 4141 Graecum
1163 4077 1333 4153 recentius,
1365 4077 1462 4140 etiam

224 4164 404 4226 Romanum
430 4163 593 4226 theatrum
624 4166 656 4226 in
682 4170 848 4243 uenerat,
880 4165 1002 4227 Itomae
1026 4164 1152 4227 Vitruvi
1172 4163 1373 4245 temporibus
1399 4163 1462 4226 duo

224 4270 343 4330 genera
355 4254 458 4327 erant,
470 4271 543 4312 nam
557 4249 643 4331 qnod
653 4250 824 4331 Pompeius
835 4249 1020 4314 aedificant
1035 4249 1209 4329 theatrum,
1220 4250 1380 4314 Graccum
1392 4255 1465 4313 erat

223 4336 276 4417 (cf.
290 4332 380 4399 <Plut
397 4336 507 4417 Pomp.
523 4338 586 4418 42).
623 4336 725 4412 Quam
743 4334 783 4398 ob
807 4357 875 4398 rem
899 4336 1029 4418 saepius
1052 4335 1183 4399 difficile
1199 4338 1261 4399 erit
1284 4336 1463 4399 dtiudicatu

224 4428 298 4484 utro
322 4422 361 4485 de
391 4444 507 4503 genere
533 4429 681 4485 auctores
706 4443 785 4503 quos
809 4422 980 4487 citabimus
1005 4422 1226 4504 cogitaverint.
1272 4422 1462 4484 AVitruvio

225 4515 432 4590 opponuntur
452 4510 537 4572 inter
561 4529 594 4571 se
618 4510 680 4572 duo
704 4508 760 4571 illa
784 4528 913 4589 genera,
937 4530 1020 4590 quae
1042 4530 1081 4572 ea
1103 4530 1139 4573 re
1160 4509 1299 4572 maxime
1321 4508 1407 4570 inter
1428 4527 1463 4569 se
