3450 5367
713 530 930 594 ..33-

201 705 308 787 βησαν
332 701 383 767 ἐπὶ
408 699 471 784 τήν
493 698 644 784 σκηνήν),
675 700 771 762 etiam
802 698 864 762 hoc
895 699 966 762 loco
995 697 1155 782 pulpitum
1185 698 1436 781 intellegendum

199 808 269 850 esse
292 795 388 870 put0‚
420 808 491 849 cum
519 786 711 867 praesertim
736 808 798 849 non
821 786 995 848 histriones
1017 786 1050 847 in
1074 805 1224 849 scaenam
1247 785 1436 868 prodierint,

199 872 254 936 sed
279 873 378 951 chori,
401 871 537 955 pugiles
560 872 719 950 tibicines,
743 870 797 935 alii
822 871 945 950 musici,
969 870 1087 953 quibus
1102 869 1229 935 ludicra
1245 873 1340 935 domo
1356 892 1437 954 opus

199 980 262 1023 non
279 958 349 1035 fuit,
374 958 428 1040 qui
446 963 538 1021 extra
554 958 674 1022 circum
691 963 796 1022 vestes
812 957 946 1020 induere
961 962 1146 1040 potuerunt,
1170 979 1307 1039 cumque
1323 956 1437 1021 domus

198 1047 230 1108 in
248 1046 333 1109 circo
349 1045 448 1108 fuerit
464 1043 610 1108 molesta.
635 1044 741 1107 Etiam
762 1044 968 1129 προσκήνιον
983 1042 1166 1127 significare
1182 1044 1343 1127 pulpitum
1358 1044 1437 1107 mihi

199 1130 370 1195 verisimile
402 1151 472 1194 esse
505 1130 634 1194 videtur
646 1132 689 1214 ¹),
723 1152 920 1212 quamquam
955 1150 1012 1193 cur
1042 1129 1146 1195 altero
1175 1136 1289 1194 utatur
1309 1130 1437 1194 nomine

198 1217 362 1301 Polybius,
381 1238 444 1281 non
461 1215 677 1300 intellegimus
693 1218 755 1281 nisi
771 1217 872 1281 verba
887 1237 960 1280 eum
976 1222 1104 1281 mutare
1120 1216 1259 1281 voluisse
1274 1223 1436 1300 putemne.

200 1307 248 1367 An
270 1309 378 1386 potest
400 1302 583 1385 significare
606 1304 746 1387 priorem
769 1303 889 1386 pulpiti
913 1304 1064 1386 partem?

284 1407 354 1470 Hoc
384 1407 484 1487 igitur
515 1406 586 1470 lucc
623 1406 729 1493 σκηνή
762 1427 797 1469 re
832 1426 911 1470 vera
948 1406 1111 1487 significat
1149 1406 1320 1488 pulpitum.
1374 1405 1438 1470 Sed

199 1492 392 1556 monendum
423 1498 472 1555 est
501 1514 656 1556 enarrare
685 1492 871 1575 Polybium,
904 1493 1065 1575 quomodo
1095 1492 1216 1556 Rornae
1247 1492 1281 1555 L.
1304 1492 1436 1556 Anicius

201 1579 340 1643 Genthio
371 1600 447 1660 rege
470 1579 653 1661 lllyriorum
684 1580 810 1643 devicto
831 1578 926 1643 ludos
950 1578 1089 1642 ediderit
1112 1600 1140 1641 a.
1165 1579 1340 1643 a.Ch1·.n.
1367 1583 1437 1641 167.

199 1666 307 1730 Unum
322 1666 422 1747 igitur
438 1687 478 1729 ex
492 1666 555 1729 hoc
571 1666 641 1729 loco
657 1665 913 1730 concludendum
931 1672 990 1742 est,
1013 1665 1138 1729 scilicet
1155 1666 1271 1729 Latino
1290 1686 1438 1728 sermone

199 1754 264 1815 iarn
287 1753 391 1816 altero
415 1773 442 1816 a.
465 1752 538 1817 Chr.
557 1775 587 1815 n.
610 1753 741 1816 saeculo
764 1773 916 1816 scaenam
941 1752 1142 1833 significasse
1163 1751 1334 1834 pulpitum,
1356 1752 1387 1814 h.
1411 1772 1438 1813 e.

199 1839 315 1917 locum,
337 1838 393 1903 ubi
415 1838 484 1901 ludi
507 1844 656 1921 aguntur,
680 1838 864 1921 etquidem
889 1838 1021 1902 editum.

287 1942 450 2023 Pulpitum
480 1941 683 2023 significatur
705 1943 804 2005 etiam
826 1941 944 2019 XXIX,
969 1948 997 2021 7,
1020 1947 1056 2004 2:
1086 1951 1145 2027 τής
1166 1940 1266 2027 τύχης
1362 1937 1439 2006 ἀνα-

201 2029 398 2115 βιβαζούσης
430 2028 483 2094 ἐπὶ
514 2027 576 2113 τήν
606 2027 735 2115 σκηνήν
763 2027 826 2115 τήν
857 2035 926 2095 τῶν
950 2026 1089 2095 Ῥοδίων
1120 2024 1277 2113 ἀγνοιανι
1307 2026 1440 2090 fortuna

200 2117 233 2177 in
263 2135 414 2178 scaenam
446 2114 582 2192 induxit,
613 2117 633 2177 i.
658 2136 683 2179 e.
716 2121 791 2178 ante
821 2116 963 2178 omnium
994 2114 1105 2177 oculos
1133 2113 1276 2177 ostendit
1297 2113 1439 2177 Rhodio-

201 2223 272 2264 rum
295 2201 469 2263 stultitiam
492 2200 546 2285 (cf.
569 2201 623 2277 XI,
648 2209 676 2279 5,
701 2206 735 2265 8:
759 2202 811 2267 ἐπὶ
834 2200 898 2287 τήν
920 2200 1109 2285 ἐξώστραν).
1155 2200 1203 2263 Ne
1225 2200 1286 2262 hoc
1309 2199 1439 2281 quidem

202 2309 219 2350 e
242 2288 323 2365 loco,
346 2288 498 2368 quoniam
522 2287 562 2350 de
585 2287 682 2351 rebus
705 2289 861 2351 scaenicis
885 2288 1039 2349 Romanis
1064 2285 1215 2369 Polybius
1238 2287 1370 2367 cogitat,
1399 2285 1439 2348 de

201 2373 404 2437 hellenistico
425 2373 556 2437 theatro
580 2375 754 2456 quicquam
778 2373 927 2437 concludi
948 2378 1066 2455 potest.

288 2460 409 2524 Vocem
431 2461 540 2546 σκηνή
559 2460 743 2542 significare
766 2481 838 2523 eum
861 2460 977 2536 lucum,
1010 2459 1065 2541 qui
1095 2479 1159 2522 non
1181 2458 1286 2522 solum
1307 2457 1439 2522 histrio·

201 2568 286 2623 num,
317 2547 375 2610 sed
405 2547 504 2610 etiam
536 2546 626 2610 chori
657 2552 715 2626 est,
746 2552 885 2630 apparet
913 2567 952 2610 ex
973 2545 1024 2609 his
1047 2545 1136 2623 locis,
1167 2545 1323 2627 equibus
1363 2565 1439 2606 num

202 2633 307 2696 editus
339 2634 429 2697 locus
459 2632 558 2697 luerit
580 2634 730 2714 cognosci
749 2654 812 2697 non
836 2638 953 2715 potest.
999 2632 1103 2697 Schol.
1128 2632 1242 2695 Aesch.
1267 2632 1358 2696 Eum.
1382 2635 1439 2693 33:

202 2716 281 2805 παρ’
317 2716 432 2805 ὀλίγον
463 2719 583 2805 ἕρημος
612 2716 632 2805 ἡ
661 2718 768 2805 σκηνή
804 2726 967 2805 γίγνεται·
1006 2716 1084 2785 odra
1118 2717 1181 2804 γάρ
1214 2715 1232 2784 ὁ
1261 2717 1358 2802 χορός
1387 2740 1439 2782 ποι

201 2804 369 2889 πάρεστιν,
403 2804 424 2891 ή
453 2830 488 2872 τε
521 2808 622 2890 ίίρεια
656 2810 810 2892 είσήλθεν
841 2808 887 2883 είς
916 2804 977 2871 τὸν
1006 2804 1099 2871 ναόν.
1151 2802 1249 2885 Soph.
1281 2804 1328 2866 Ai.
1361 2806 1440 2865 330:

203 2891 316 2976 ἐπειδὴ
354 2893 388 2958 δὲ
426 2888 554 2958 ἀτοπον
586 2890 647 2957 τὸν
678 2890 781 2977 χορὸν
814 2887 991 2957 ἀπολιπεῖν
1030 2890 1093 2976 τήν
1126 2887 1270 2975 σκηνήν,
1310 2884 1440 2977 ἀναβοᾷ

203 2978 346 3043 ἔνδοθεν
383 2976 401 3043 ὁ
435 2980 536 3057 Α’ίας,
574 2980 630 3044 ἵνα
666 2982 763 3064 μείνη
803 2977 857 3043 ἐπὶ
893 2976 1002 3061 χώρας
1039 2974 1057 3042 ὃ
1093 2974 1199 3060 χορός.
1245 2974 1326 3037 lbid.
1358 2979 1441 3037 719:

202 3070 354 3141 πιθανῶς
387 3052 452 3129 οὖν
485 3060 504 3129 ὅ
533 3060 671 3148 ἀγγελος
703 3060 904 3148 ἀπαγγείλας
937 3060 1177 3147 παρασκευάζει
1203 3058 1329 3139 αὐτοὺς
1359 3058 1441 3142 (scil.

202 3147 282 3227 τοὺς
304 3145 370 3215 ἀπὸ
391 3157 454 3215 τοῦ
473 3152 590 3233 χοροῦ)
620 3148 703 3216 κατὰ
728 3148 863 3235 ζήτησιν
959 3154 1065 3226 καλῶς
1088 3148 1200 3214 δὲκαὶ
1223 3146 1263 3212 τά
1285 3155 1343 3231 τῆς
1364 3163 1441 3231 σκη-

202 3244 261 3386 νῖης
283 3233 494 3343 ἐσκεύασταιζ
532 3239 676 3387 κί’ίανέος
704 3232 1031 3387 γάρέκηταλιπόητρς
1053 3241 1225 3400 ηρονὲγλθεγ
1246 3230 1264 3299 ὁ
1281 3230 1441 3399 &meg

203 3345 1442 3494 11111111χῖίίυπζλὲοίλῗίνααοῖίῖξίοίλιιῖηἵιρίίλῖριοαιο

202 3493 455 3580 πεποικιλμένης
485 3493 657 3577 διαφόρως
686 3502 744 3579 της
774 3492 811 3559 ἐν
839 3502 880 3581 τῇ
908 3501 1013 3580 σκηνή
1044 3495 1325 3576 κροσωποποιίας.
1371 3491 1441 3553 Ηοο

202 3580 273 3641 loco
297 3579 414 3642 Miiller
437 3600 466 3660 p.
491 3584 530 3642 23
554 3585 650 3661 putat
672 3581 757 3643 inter
780 3600 814 3643 se
843 3580 995 3661 opposita
1024 3598 1094 3641 esse
1124 3574 1248 3656 αὐτούς
1279 3576 1442 3662 (chorum)

203 3669 236 3727 et
258 3663 298 3730 τὰ
319 3674 377 3750 της
400 3674 537 3751 σκηνής;
560 3686 644 3747 quae
666 3666 698 3729 in
714 3666 840 3747 pulpito
862 3665 919 3747 (ab
934 3664 1161 3748 histrionibus)
1185 3667 1326 3745 aguntur
1349 3662 1442 3746 („das

204 3750 292 3832 Spicl
316 3751 375 3815 auf
394 3750 453 3814 der
474 3751 630 3835 Buhne‘o.
676 3752 739 3816 Sed
767 3752 818 3815 his
848 3750 955 3814 verbis
984 3750 1073 3816 aliud
1102 3749 1278 3832 significari
1304 3754 1443 3831 apparet

204 3858 243 3899 ex
266 3838 313 3901 eis
335 3858 419 3919 quae
442 3844 631 3919 sequuntur,
654 3838 772 3920 quibus
795 3837 976 3920 explicetur
998 3836 1078 3900 illud
1100 3834 1141 3903 τά
1162 3846 1221 3921 τής
1242 3843 1366 3923 σκηνής
1385 3836 1442 3912 ita,

202 3930 239 3987 ut
261 3923 470 4005 praedicetur
491 3946 582 3988 suam
606 3925 741 4006 singulis
763 3925 911 4007 personis
934 3929 1061 4006 partem
1093 3924 1126 3986 in
1156 3928 1302 4005 tempore
1325 3921 1442 4000 tribni;

203 4011 295 4091 atqui
327 4012 426 4073 ctiam
454 4010 570 4074 chorus
600 4011 634 4073 in
662 4010 727 4074 illis
750 4011 898 4093 personis
922 4014 1147 4089 enumeratur,
1181 4029 1258 4090 ergo
1279 4007 1380 4071 verba
1401 4005 1441 4074 τὰ

202 4093 1178 4265 1111111111111111ΠὲῗὲΞὲζὲἶάἙῖῗέἥὲἳλίλλίὲῗ
1200 4093 1443 4245 {illidet

332 4232 339 4261 1
472 4231 489 4260 11
1167 4233 1174 4262 1

289 4373 314 4437 1)
334 4371 375 4425 cf.
392 4372 473 4440 frgm.
491 4372 546 4425 inc.
564 4372 614 4425 148
633 4371 687 4440 (ap.
700 4370 777 4425 Suid.
791 4389 811 4424 s.
824 4389 850 4425 v.
868 4368 1063 4439 προσκήνιον);
1081 4366 1099 4437 ἡ
1119 4366 1149 4422 δὲ
1168 4366 1236 4437 τύχη
1254 4363 1442 4436 παρελκομένη

203 4436 256 4519 τήν
281 4438 425 4509 πρόφασιν
449 4438 580 4507 καθάπερ
607 4437 653 4519 ἐπὶ
670 4438 839 4507 προσκήνιον
868 4438 1066 4507 καρεγύμνωσε
1092 4435 1141 4498 τὰς
1165 4434 1282 4504 ἀληθεῖς
1306 4434 1442 4499 ἐπινοίας,

203 4509 252 4562 ubi
270 4506 443 4577 προσκήνιον
461 4510 600 4578 pulpitum
618 4508 833 4578 rutellsgendum
852 4525 912 4562 esse
930 4526 994 4561 cum
1012 4508 1132 4561 Mfillero
1151 4524 1179 4576 p.
1196 4510 1229 4559 41
1240 4524 1281 4574 sq.
1299 4508 1376 4573 puto.

1217 4594 1235 4644 3
