3450 5367
706 542 921 602 ..35-

195 709 317 773 theatri
335 729 412 792 pars
427 707 638 791 significatur.
683 708 744 774 Sed
761 710 913 792 quoniam
929 711 1063 793 reliquis
1079 710 1221 776 Pollucis
1235 710 1315 777 locis
1330 712 1437 800 σκηνῆ

196 817 259 859 nou
282 796 401 860 dicitur
424 798 455 859 in
476 796 612 878 pulpito,
649 795 711 860 hoc
741 818 869 879 quoque
898 798 969 861 loco
992 817 1055 861 non
1082 798 1123 862 de
1144 799 1281 882 pulpito,
1315 800 1371 864 sed
1395 800 1435 863 de
1507 832 1509 836 ·

197 882 293 946 domo
316 881 524 965 cogitandum
547 903 617 947 esse
640 889 729 965 pute,
756 884 804 948 ita
826 889 863 947 ut
883 880 1070 970 ιἰνακίεσμα
1101 886 1197 949 sitin
1220 886 1325 964 dome,
1355 885 1387 951 h.
1408 907 1435 951 e.

196 972 229 1034 in
263 974 351 1033 tecto
383 970 451 1032 eius
486 973 519 1032 et
550 968 722 1033 histriones
755 989 795 1033 ex
824 971 897 1053 ipsa
927 970 1022 1034 domo
1051 972 1084 1033 in
1115 976 1238 1035 tectum
1262 972 1436 1037 ascendere

196 1058 329 1139 possint.
375 1056 451 1121 Vita
468 1055 581 1119 Aesch.
598 1078 629 1139 p.
646 1060 707 1121 379
721 1056 776 1121 K.:
799 1056 878 1136 τοὺς
894 1054 960 1142 κρὸ
979 1056 1103 1124 ἑαυτοῦ
1118 1055 1261 1145 ὑπερῆρε
1278 1058 1362 1127 κατὰ
1378 1112 1385 1126 .
1402 1113 1408 1127 .
1427 1112 1434 1125 .

196 1142 258 1229 τῆν
279 1143 432 1209 διάθεσιν
453 1150 512 1227 τῆς
535 1151 659 1229 σκηνῆς
667 1175 677 1222 ;
705 1142 783 1206 ibid.
797 1164 828 1225 p.
845 1147 907 1207 380
924 1143 979 1207 K:
1002 1142 1065 1230 τῆν
1088 1143 1217 1230 σκηνῆν
1241 1144 1433 1233 ἐκόσμησεν.

197 1230 255 1293 llis
278 1228 358 1318 locis
381 1229 488 1314 σκηνῆ
510 1227 673 1309 significat
695 1234 752 1294 aut
774 1229 990 1312 „Spielplatz“
1013 1235 1071 1293 aut
1092 1230 1313 1313 „Spielhaus“.
1357 1232 1435 1296 Cum

196 1315 374 1399 Aeschylus
396 1335 464 1378 rem
488 1316 669 1378 scaenicam
691 1314 920 1397 perfectiorem
946 1315 1126 1380 reddiderit
1147 1318 1305 1400 imprimis
1326 1317 1436 1381 taber-

197 1400 313 1465 naculo
334 1403 367 1464 in
391 1405 538 1464 extrema
560 1401 729 1465 orchestra
752 1402 920 1482 collocato,
942 1404 990 1465 vis
1013 1402 1227 1485 „Spielplatm
1251 1405 1371 1487 optime
1394 1404 1436 1467 ad

197 1510 326 1552 sensum
348 1484 505 1569 quadrat:
537 1487 762 1571 perfectiorem
784 1488 929 1553 reddidit
957 1489 1023 1553 sive
1046 1490 1214 1553 exornavit
1234 1490 1350 1568 locum,
1380 1489 1437 1554 ubi

196 1572 328 1639 fabulae
350 1572 539 1656 agebantur.
590 1574 653 1639 Sed
682 1580 792 1658 potest
824 1576 921 1639 etiam
952 1576 1089 1658 cogitari
1120 1576 1160 1640 de
1192 1575 1288 1641 domo
1309 1577 1438 1641 ludicra

197 1660 448 1747 (tabernaculo),
471 1661 596 1725 scilicet
618 1662 645 1724 si
667 1666 832 1725 auctorem
855 1662 1029 1725 nescivisse
1043 1666 1196 1744 putamus
1219 1662 1261 1726 ab
1278 1662 1436 1745 Aeschylo

195 1748 335 1830 primum
358 1753 560 1811 exstructum
583 1768 654 1811 esse
675 1747 933 1812 tabernaculum.
977 1748 1142 1831 Pulpitum
1159 1748 1219 1813 hoc
1240 1748 1311 1813 loco
1328 1748 1437 1835 σκηνη

196 1834 341 1915 intellegi
377 1834 431 1896 vix
461 1840 585 1915 potest,
624 1854 699 1897 nam
737 1834 898 1917 quomodo
927 1834 1103 1917 Aeschylus
1134 1835 1166 1898 in
1196 1835 1322 1918 pulpito
1345 1835 1438 1899 insti·

198 1921 319 1985 tuendo
348 1920 507 2002 pristinae
537 1922 655 1984 aetatis
683 1927 798 2002 poetas
828 1941 984 2004 superare
1013 1922 1158 2004 potuerit
1187 1923 1305 1985 nescio.
1361 1921 1438 1984 Vita

197 2005 312 2070 Aesch.
334 2007 384 2090 (ἐκ
410 2014 468 2091 τῆς
489 2014 650 2092 μουσικῆς
672 2009 832 2091 ἱστορίας)
854 2029 885 2090 p.
908 2011 966 2071 381
983 2007 1037 2070 K:
1060 2008 1117 2073 καὶ
1140 2006 1208 2074 ἔστι
1230 2006 1270 2073 τὰ
1291 2004 1357 2075 dab
1378 2016 1437 2092 τῆς

197 2102 320 2179 σκηνῆς
342 2092 398 2158 καὶ
418 2100 477 2177 τῆς
500 2090 683 2178 ὀρχήστρας
702 2101 779 2160 θεῖα
800 2092 910 2159 πάντα
931 2092 1103 2178 πρόσοικα,
1124 2092 1181 2157 ubi
1198 2091 1353 2160 verbasci
1371 2090 1438 2160 dab

197 2206 224 2245 τ.
247 2196 296 2245 σκ.
320 2180 376 2245 καὶ
398 2203 425 2244 τ.
457 2175 525 2263 ὀρχ.
558 2177 720 2263 πρόσωπα
750 2180 803 2243 vix
837 2179 926 2243 aliud
959 2179 1143 2261 significare
1174 2185 1311 2262 possunt
1338 2201 1437 2261 quam

197 2265 371 2328 histriones
403 2270 436 2327 et
458 2263 590 2328 chorum
614 2270 712 2347 atque
741 2264 960 2347 intellegenda
980 2271 1071 2329 sunt:
1102 2285 1186 2347 quae
1214 2287 1234 2329 a
1263 2286 1382 2329 scaena
1405 2272 1438 2330 et

199 2350 240 2414 ab
269 2350 439 2421 orchestra
468 2355 551 2414 sunt.
597 2350 661 2415 Sed
686 2352 836 2433 quidest
870 2351 1013 2415 scaena?
1057 2350 1129 2414 Non
1157 2372 1328 2434 possumus
1360 2370 1437 2439 σκη-

197 2436 825 2588 lttdtltltt‘ttlllltldl
844 2437 1291 2589 slllttlltlbtllss
1305 2438 1438 2589 bibli

195 2610 307 2675 haus“.
355 2610 502 2692 Aeschyli
522 2610 724 2693 'temporibus
746 2611 863 2676 chorus
884 2611 987 2675 multo
1010 2608 1083 2693 plus
1112 2546 1146 2674 iii
1167 2610 1287 2675 fabulis
1308 2546 1440 2675 iblldbat

197 2718 294 2779 quam
317 2703 441 2780 postea,
473 2697 571 2761 etiam
605 2697 759 2776 saltabat,
792 2698 841 2761 ita
867 2704 904 2762 ut
933 2698 1053 2780 optime
1077 2697 1253 2762 choreutae
1288 2696 1438 2760 dicantur

196 2783 237 2849 τὰ
259 2780 325 2850 ιἰκὸ
354 2792 411 2868 τῆς
442 2779 625 2868 ὀρχήστρας
653 2784 814 2867 πρόσοικα
847 2790 948 2866 atque
979 2789 1186 2866 opponantur
1215 2782 1437 2860 histrionibus,

198 2870 253 2949 qui
275 2869 405 2932 adorno
419 2868 547 2932 ludicra
561 2874 646 2947 sunt,
670 2870 708 2933 cf.
725 2891 754 2951 p.
766 2875 860 2953 26sq.
903 2873 977 2951 Arg.
993 2869 1090 2952 Soph.
1109 2870 1172 2933 Ai.:
1195 2866 1439 2955 καταλαμβάνει

198 2958 233 3021 δὲ
263 2950 380 3040 Ἀθηνᾶ
409 2951 566 3021 Ὀδυσσέα
601 2956 654 3021 ἐπὶ
687 2965 745 3039 τῆς
777 2964 902 3041 σκηνῆς
933 2954 1166 3034 διοπτεύοντα,
1197 2959 1230 3021 τί
1259 2978 1339 3022 ποτε
1372 2952 1437 3038 ἄρα

199 3041 336 3123 κραττει
358 3038 376 3107 ὁ
399 3044 492 3118 Αἴας.
538 3040 608 3103 Ηοο
629 3040 700 3104 loco
723 3040 776 3107 ἐπὶ
800 3050 924 3127 σκηνῆς
946 3041 1129 3123 significare
1150 3046 1259 3124 potest
1275 3041 1353 3119 „auf
1365 3040 1439 3103 dem

199 3126 405 3209 Spielplatz“.
451 3125 514 3190 Sed
537 3125 678 3189 fortasse
700 3128 819 3191 certior
842 3132 941 3208 atque
963 3125 1126 3191 definitior
1147 3128 1196 3191 vis
1217 3126 1325 3191 verbis
1345 3127 1439 3190 inest.

198 3212 299 3276 Paulo
323 3214 407 3276 enim
431 3218 529 3276 antea
548 3213 702 3294 legimus:
724 3212 765 3280 τὰ
788 3214 849 3299 μὲν
871 3210 981 3280 ἀνεῖλε
1005 3214 1087 3297 (scil.
1108 3214 1207 3297 Αἴας)
1236 3220 1305 3281 τῶν
1325 3239 1439 3298 τετρα-

198 3298 323 3379 πόδων,
353 3298 394 3365 τὰ
427 3299 462 3366 δὲ
486 3298 588 3384 δησας
608 3295 729 3385 ἀπάγει
750 3300 804 3367 ἐπὶ
826 3298 889 3385 τῆν
910 3302 1046 3385 σκηνην.
1097 3299 1143 3364 Cf.
1173 3300 1276 3382 ipsius
1308 3298 1439 3364 fabulae

198 3408 225 3449 v.
250 3390 345 3467 tisq.:
377 3384 466 3464 ὅπως
491 3388 566 3484 ἰ’δης
596 3381 657 3453 εἴτ’
682 3386 781 3453 ἔνδον
813 3382 872 3452 εἴτ’
905 3382 968 3453 οὐκ
998 3387 1106 3453 ἔνδον.
1150 3386 1266 3468 Itaque
1298 3384 1439 3449 fortasse

198 3472 351 3621 {Aah
371 3473 740 3640 “ttllfflltlttffll
766 3472 1452 3641 ttutlss21utllltttlhlltttlt¹

199 3644 257 3793 {jail
268 3644 591 3793 oryppiyzpignificare
607 3644 690 3707 solet
705 3644 784 3723 „aui
796 3644 869 3707 dem
885 3644 1091 3727 Spielplatz“.
1129 3643 1288 3723 Simmiae,
1311 3644 1439 3708 Anthol.

226 3751 266 3794 a.
352 3779 359 3807 ,
431 3753 438 3791 :

325 3883 386 3952 τὸν
408 3885 442 3953 ci
465 3896 576 3972 χοροῖς
598 3887 768 3973 μὲλψαντα
792 3885 988 3970 Σοφοκλέα,
1010 3889 1112 3953 παῖδα
1136 3891 1321 3972 Σοφλλλου,

365 3968 426 4038 τὸν
448 3982 606 4079 τραμικῆς
630 3972 773 4059 Μούσης
792 3969 915 4057 ιἰστὲρα
938 3971 1136 4057 Κεκρόκιον,

323 4057 479 4136 πολλάκις
501 4056 542 4125 ὸν
564 4060 728 4146 θυμέλησι
751 4060 807 4126 καὶ
830 4060 867 4126 ἐν
889 4067 1030 4147 σκηνῆσι
1052 4058 1200 4144 τιθηλδς

367 4143 500 4229 βλαισὸς
522 4140 708 4231 Άχαρνίτης
727 4144 838 4224 κισσὸς
861 4146 957 4228 dorda
981 4143 1090 4231 κόμην

322 4230 447 4316 τύμβος
469 4231 533 4315 ἔχει
555 4238 623 4297 κτλ.

199 4414 405 4426 m

285 4525 313 4595 1)
334 4524 376 4583 Of.
395 4523 470 4582 Plus.
491 4526 570 4582 Brut.
590 4528 632 4597 45,
651 4542 675 4582 v.
694 4540 720 4599 p.
740 4526 780 4581 22.
