3450 5367
314 1318 351 1407 In
383 1344 540 1408 scaenicis
573 1344 825 1425 antiquitatibus
856 1345 1046 1421 tractandis,
1083 1352 1257 1428 postquam
1291 1346 1465 1411 multorum

228 1440 428 1503 theatrorum
450 1438 649 1503 Graecorum
674 1440 831 1521 reliquiae
855 1440 1004 1503 detectae
1028 1446 1111 1517 suut,
1135 1462 1152 1503 e
1174 1440 1291 1523 quibus
1306 1462 1466 1525 apparere

226 1526 355 1590 videtur
372 1526 436 1589 alia
452 1526 579 1589 ratione
603 1525 730 1589 tabulas
748 1526 892 1590 Graecas
916 1532 1007 1590 actas
1028 1548 1099 1590 esse
1124 1534 1223 1609 atque
1242 1535 1339 1591 antea
1354 1550 1465 1592 omnes

226 1612 286 1676 viri
309 1613 397 1677 docti
415 1618 620 1695 putaverunt,
647 1612 752 1678 denuo
772 1613 802 1675 in
829 1633 884 1677 eas
908 1634 1011 1691 voces,
1037 1634 1120 1695 quae
1143 1615 1175 1676 in
1192 1613 1327 1695 singulis
1342 1614 1465 1679 theatri

225 1698 375 1781 partibus
406 1720 426 1761 a
456 1698 619 1761 veteribus
651 1698 866 1781 scriptoribus
897 1698 1065 1778 dicuntur,
1102 1700 1331 1781 inquirendum
1366 1706 1465 1783 atque

227 1785 478 1849 examinandum
502 1791 560 1863 est,
583 1807 659 1848 num
677 1806 788 1849 vocum
807 1784 1059 1866 significationes
1075 1786 1237 1867 quadrent
1252 1786 1294 1850 ad
1310 1787 1466 1868 reliquias

229 1880 260 1934 et
284 1871 326 1934 ad
350 1872 569 1935 conclusiones
594 1892 633 1934 ex
656 1871 719 1935 illis
743 1892 762 1935 a
785 1872 861 1934 viris
886 1871 989 1935 doctis
1016 1872 1130 1935 factas.
1175 1872 1324 1936 Omnium
1356 1879 1465 1937 autem

227 1959 309 2021 artis
322 1957 562 2033 vocabulorum,
581 1978 664 2039 quae
678 1958 719 2021 ad
736 1958 900 2021 theatrum
917 1958 1090 2040 pertinent,
1107 1958 1353 2022 usitatissimum
1366 1965 1465 2041 atque

225 2046 347 2112 summi,
364 2045 517 2107 momenti
540 2050 588 2107 est
612 2043 726 2131 σκηνή,
759 2044 799 2109 de
832 2065 897 2127 qua
927 2044 1033 2108 adhuc
1057 2050 1193 2126 egerunt
1220 2044 1254 2108 hi
1276 2045 1337 2109 riri
1359 2045 1464 2110 docti:

311 2182 344 2249 F.
367 2180 546 2333 11100021)εᾷ
551 2204 583 2244 r:
608 2182 866 2261 Erech-Gruber,
889 2182 1127 2265 Encyclopddie
1152 2182 1320 2247 LXXXIII
1342 2185 1464 2268 (1870),

430 2290 460 2350 P·
558 2289 627 2350 899·

313 2356 347 2418 A.
371 2354 538 2419 Mtillor:
562 2354 891 2418 Bithnenaltertiimer
915 2360 1007 2434 1886,
1029 2377 1059 2438 p.
1085 2361 1125 2420 50
1136 2376 1205 2437 sqq.
1475 2367 1479 2374 ’

312 2441 348 2505 Ε.
371 2440 544 2505 Reisch:
568 2441 755 2504 Zeitsehrift
777 2440 830 2505 fiir
854 2440 905 2505 die
921 2441 1109 2506 dsterreioh.
1127 2441 1277 2525 Gymnas.
1295 2439 1464 2505 XXXVIII

311 2614 358 2677 w.
379 2530 1273 2698 011111111111.1101100001),
1296 2636 1326 2695 p.
1344 2618 1463 2696 sssqq.

310 2699 544 2764 1111010011
582 2699 906 2783 D'drpfeld-Reisch‚
939 2700 1006 2763 Das
1040 2698 1159 2781 grieeh.
1194 2700 1335 2763 Theater
1371 2704 1463 2779 1896,

310 2872 344 2937 Α.
368 2791 674 2936 Μ1111113811111101.
698 2872 809 2954 Suppl.
834 2871 893 2934 VII
916 2872 1037 2954 (1899),
1058 2894 1088 2953 p.
1113 2876 1212 2953 3sqq.

309 2958 345 3020 R.
370 2957 402 3021 C.
427 2958 696 3039 Flickinger:
720 2958 787 3021 The
812 2958 992 3023 Decennial
1007 2957 1229 3021 l'ublications
1245 2956 1298 3035 VI,
1321 2956 1462 3040 Chicago

308 3168 350 3177 -
372 3168 415 3177 -
432 3049 721 3195 liiidiaichlhiqb
751 3150 866 3194 source
899 3130 935 3193 ot
961 3129 1241 3193 informationes
1268 3128 1324 3193 the
1354 3129 1462 3193 Greek

428 3216 569 3281 Theater
596 3222 685 3295 1904,
709 3239 741 3299 p.
766 3221 885 3298 38sqq.

308 3354 421 3437 Neque
443 3360 552 3419 tamen
577 3355 748 3437 quisquam
773 3354 880 3418 adhuc
899 3356 939 3421 de
953 3354 1041 3418 vocis
1058 3352 1293 3435 significatione
1309 3352 1463 3417 disseruit

222 3440 278 3519 ita,
307 3446 344 3505 ut
367 3443 447 3505 satis
471 3441 671 3506 diversarum
695 3446 839 3505 aetatum
861 3440 1000 3504 haberet
1022 3440 1190 3504 rationem.
1234 3440 1378 3521 Cumque
1400 3438 1463 3503 hoc

222 3527 289 3593 solo
313 3528 408 3591 modo
429 3528 553 3610 aliquid
568 3530 601 3590 in
617 3528 807 3611 quaestione
823 3528 973 3591 scaenica
988 3526 1146 3608 proficere
1160 3526 1330 3609 possimus,
1353 3526 1461 3590 denuo

222 3613 254 3675 in
280 3614 367 3677 vocis
390 3616 452 3677 vim
480 3622 513 3677 et
535 3636 627 3678 usum
650 3615 814 3697 inquirere
837 3614 917 3677 mihi
935 3614 1099 3695 proposui.

308 3701 379 3777 Qua
407 3702 441 3763 in
472 3702 699 3765 dissertatione
728 3699 1009 3783 proficiscentibus
1037 3699 1130 3763 nobis
1159 3698 1201 3762 ab
1229 3698 1461 3779 antiquissimis

222 3786 428 3868 temporibus·
456 3786 522 3851 hoe*
553 3809 703 3869 maguum
738 3786 835 3849 affert
865 3786 1119 3864 incommodum,
1152 3784 1239 3866 quod
1271 3805 1354 3866 quae
1383 3789 1461 3847 tuuc

221 3872 320 3935 fuerit
349 3873 471 3935 theatri
500 3873 606 3937 forma
636 3874 769 3937 dubium
800 3878 857 3936 est,
904 3872 1161 3950 Quamobrem
1185 3893 1205 3933 a
1226 3869 1460 3952 posterioribus

221 3958 410 4041 proficiscar
433 3960 643 4041 temporibus,
674 3960 798 4023 scilicet
819 3960 875 4036 eie,
909 3958 1027 4041 quibus
1051 3979 1134 4040 quae
1156 3957 1277 4020 theatri
1300 3957 1405 4019 forma
1421 3961 1461 4048 ,01

223 4066 301 4109 usus
325 4046 409 4107 ratio
433 4044 532 4107 fuerit
554 4052 698 4123 constat;
729 4046 844 4109 deinde
873 4046 1059 4128 perveniam
1090 4044 1132 4107 ad
1163 4045 1275 4126 priora
1302 4048 1460 4124 tempora.

308 4130 371 4195 Sed
400 4132 591 4214 priusquam
622 4133 654 4194 in
686 4133 773 4213 ipsos
801 4152 856 4195 eos
886 4133 974 4195 locos
1006 4132 1152 4213 inquiro,
1186 4130 1242 4211 qui
1276 4130 1309 4191 in
1342 4128 1461 4191 litteris

223 4216 423 4282 Graecorum
448 4218 488 4281 ad
514 4218 677 4281 theatrum
702 4223 860 4300 spectant,
884 4217 1091 4281 statuendum
1116 4223 1174 4294 est,
1198 4216 1277 4299 quid
1300 4215 1460 4297 significet

222 4303 329 4389 σκηνή
353 4304 398 4368 010
423 4305 512 4384 10010,
535 4304 592 4370 ubi
614 4326 678 4369 non
701 4305 741 4367 de
764 4303 893 4368 theatro
918 4304 1035 4385 agitur.
