3450 5367
731 526 946 587 ..27-

215 703 327 761 awar“.
373 697 463 776 Quae
485 718 556 761 oum
580 696 627 760 ita
649 696 722 775 sint,
755 695 857 759 altero
882 695 914 759 in
947 693 1114 759 enuntiato
1142 715 1253 759 vocem
1272 692 1381 780 σκηνή
1400 716 1455 758 ne-

217 784 358 849 cessario
380 784 465 848 idem
490 781 673 865 siguificare
697 782 782 866 quod
805 782 970 864 inpriore
997 786 1146 864 apparet,
1178 780 1302 844 scilicet
1325 779 1455 844 domum

215 870 383 934 ludicram.
431 870 485 933 Sic
517 870 569 933 hic
604 868 744 933 efficitur
778 890 908 933 sensus:
944 868 1058 932 domus
1093 867 1220 932 ludicra
1252 865 1455 946 histrionum,

216 957 384 1021 orchestra
408 956 497 1019 chori
520 957 655 1038 propria
678 962 735 1019 est.
772 956 840 1019 lam
857 955 1027 1037 quaeritur
1039 955 1171 1036 quinam
1186 953 1315 1017 dicatur
1329 952 1456 1030 chorae,

216 1043 416 1107 dramaticus
440 1064 482 1106 an
506 1041 645 1126 cyclicus
669 1043 723 1124 qui
748 1042 908 1105 dicuntur.
944 1040 1121 1104 Orchestra
1136 1040 1298 1121 significat
1315 1038 1456 1103 saltandi

217 1130 332 1207 locum,
355 1130 489 1212 propria
510 1130 619 1210 igitur,
643 1128 729 1211 quod
753 1128 795 1192 ad
818 1132 969 1190 naturam
992 1126 1061 1191 eius
1081 1127 1207 1205 attinet,
1240 1147 1352 1191 eorum
1376 1132 1456 1203 erat,

217 1218 272 1299 qui
296 1215 486 1279 saltationes
508 1214 682 1292 faciebant,
710 1215 730 1278 i.
755 1236 781 1278 e.
805 1214 896 1277 chori
919 1212 1039 1296 cyclici.
1086 1213 1180 1277 Hunc
1202 1212 1456 1294 intellegendum

217 1324 286 1366 esse
324 1324 383 1384 per
418 1301 612 1383 colloquium
648 1306 747 1383 atque
782 1299 833 1362 in·
855 1299 989 1381 collegio
1026 1299 1105 1362 mihi
1139 1299 1303 1382 persuasit
1335 1298 1457 1363 Bittius

216 1392 411 1472 praeceptor
433 1388 679 1451 illustrissimus.
725 1386 949 1449 Dramatioum
973 1386 1028 1468 qui
1055 1391 1143 1450 certe
1169 1384 1232 1449 fuit
1252 1384 1456 1449 hellenistica

178 1526 184 1537 ,
217 1480 325 1539 aetate
349 1475 483 1538 chorum
506 1495 570 1537 non
592 1474 656 1537 iam
680 1472 817 1537 saltasse
841 1471 1013 1537 verisimile
1040 1477 1098 1536 est.
1143 1474 1186 1536 At
1210 1477 1300 1535 estne
1321 1492 1357 1535 re
1379 1492 1456 1535 vera

216 1562 343 1625 ludicra
366 1561 480 1624 domus
513 1561 705 1624 histrionum
737 1561 894 1643 propria?
938 1559 1023 1623 Sane
1055 1559 1102 1623 sio
1132 1580 1184 1622 res
1216 1564 1279 1638 est3
1316 1579 1333 1622 e
1362 1557 1457 1621 domo

217 1648 411 1731 plerumque
434 1646 608 1711 histriones
628 1648 661 1709 in
683 1667 834 1709 scaenam
857 1645 1043 1728 prodibant,
1079 1645 1113 1708 iu
1144 1644 1274 1708 domum
1303 1643 1457 1709 redibant

217 1741 316 1816 atque
351 1756 463 1798 rursus
499 1733 573 1795 inde
609 1732 793 1815 prodibant.
846 1733 969 1796 Domus
1003 1732 1049 1795 eis
1084 1731 1270 1796 necessaria
1293 1736 1373 1809 erat,
1410 1735 1456 1809 ut,

219 1820 372 1904 quoniam
390 1840 486 1903 saepe
508 1821 618 1902 plures
639 1840 795 1901 personas
817 1818 968 1901 agebant,
992 1823 1098 1882 vestes
1113 1821 1287 1881 mutarent.
1321 1817 1457 1881 Omnino

218 1928 338 1971 scaena
375 1906 629 1969 dramaticorum
673 1905 934 1987 spectaculorum
975 1905 1109 1988 propria
1142 1908 1231 1984 erat3
1272 1903 1305 1965 in
1340 1902 1459 1985 quibus

217 1993 421 2057 hellenistioa
445 1996 553 2056 aetate
577 2014 649 2056 oum
672 1992 764 2075 parvi
789 1997 822 2055 et
844 1992 971 2055 numeri
989 1997 1022 2055 et
1044 1991 1197 2055 momenti
1221 1997 1307 2053 esset
1328 1990 1458 2069 chorae,

216 2079 389 2155 histriones
413 2080 441 2142 ei
464 2084 565 2157 erant,
595 2099 653 2162 per
684 2099 765 2161 quos
788 2100 840 2143 res
863 2078 1004 2142 maxime
1028 2081 1204 2160 gereretur.
1249 2075 1369 2140 Nostro
1391 2096 1458 2141 ser-

217 2186 310 2230 mone
333 2167 380 2230 sic
401 2166 469 2229 fere
491 2163 631 2230 Pollucis
662 2164 763 2229 verba
791 2164 1003 2247 interpreter:
1035 2164 1100 2227 Der
1122 2162 1297 2246 Tanzplata
1320 2162 1364 2226 ist
1384 2162 1458 2227 dem

218 2253 334 2316 Wesen
362 2252 447 2316 nach
473 2251 546 2315 dem
569 2250 785 2335 (kyklischeu)
810 2251 896 2315 Ohor
924 2249 1161 2331 cigentiimlich,
1196 2248 1255 2312 das
1287 2247 1460 2331 Spielhaus

218 2339 279 2403 deu
307 2337 558 2421 Schauspielern
590 2338 633 2421 (d.
658 2337 795 2401 dramat.
819 2336 1088 2418 Auffiihrungen).
1142 2334 1309 2413 Quomodo
1341 2334 1460 2399 chorus

217 2431 249 2489 et
282 2424 456 2489 histriones
487 2424 655 2488 orchestra
687 2430 720 2488 et
752 2423 847 2503 domo
879 2423 930 2487 usi
957 2424 1030 2501 sint,
1061 2420 1177 2486 Pollux
1199 2442 1262 2486 non
1285 2420 1458 2504 significat.

217 2512 289 2575 Hac
322 2512 447 2574 ratione
475 2510 502 2573 si
535 2509 635 2575 verba
668 2510 901 2593 intellegimus,
935 2507 1041 2596 σκηνή
1077 2508 1140 2573 hoc
1173 2508 1245 2573 loco
1279 2509 1377 2591 paulo
1411 2507 1460 2572 la·

217 2598 282 2662 tius
311 2598 403 2680 patet
437 2618 534 2679 quam
570 2598 603 2660 in
637 2596 880 2662 enumeratione
908 2596 982 2674 illa,
1023 2596 1147 2661 scilicet
1186 2596 1233 2659 ita
1266 2599 1304 2659 ut
1341 2614 1460 2659 scaena

218 2684 350 2766 proprie
390 2683 477 2747 dicta
506 2704 570 2747 una
611 2704 682 2747 cum
711 2683 815 2766 logeo,
854 2682 1056 2765 proscaenio,
1087 2681 1318 2765 parascaeniis,
1358 2681 1461 2763 hypo-

220 2769 357 2833 scaeniis
391 2768 603 2851 significatum
639 2770 726 2852 quod
761 2770 858 2833 facile
888 2769 960 2832 fieri
992 2773 1116 2851 potest,
1156 2767 1308 2849 quoniam
1349 2787 1460 2830 omnes

218 2854 294 2917 illae
323 2860 433 2936 partes
462 2876 526 2918 non
562 2860 628 2918 tarn
668 2856 793 2918 solutae
830 2855 953 2918 theatri
989 2857 1065 2917 sunt
1101 2860 1212 2935 partes
1248 2874 1345 2935 quam
1376 2872 1460 2934 quae

220 2940 262 3003 ad
285 2940 414 3002 domurn
436 2939 594 3003 ludicram
617 2941 810 3022 pertineant,
842 2960 926 3021 quae
957 2940 1148 3003 coniunctae
1182 2937 1326 3002 efficiant
1355 2943 1460 3003 totum

220 3024 418 3104 aedificium,
450 3024 546 3107 quale
577 3024 698 3089 fabulis
728 3025 861 3107 agendis
892 3026 964 3089 usui
997 3028 1083 3102 erat,
1119 3024 1198 3103 „das
1229 3046 1328 3107 ganzo
1357 3024 1460 3108 Spicl-

220 3110 402 3194 gebaude‘3
432 3111 465 3175 in
497 3112 739 3175 enumeratione
770 3110 900 3193 quidem
924 3110 1113 3193 singillatim
1136 3132 1246 3176 omnes
1269 3117 1380 3194 partes
1402 3131 1460 3174 no-

221 3199 395 3277 minantur,
435 3198 500 3278 sed,
534 3200 561 3261 si
598 3198 637 3261 de
671 3198 820 3261 universo
851 3196 999 3261 aedificio
1037 3198 1153 3279 agitur,
1184 3198 1216 3260 rh
1253 3219 1352 3261 uuum
1384 3195 1461 3262 illae

220 3285 503 3367 cornprenduntur,
527 3283 613 3367 quod
636 3283 838 3366 significatur
862 3284 991 3349 nomine
1013 3284 1082 3348 eius
1104 3284 1217 3367 partis,
1241 3305 1306 3366 qua
1332 3288 1461 3348 ceterae

220 3371 433 3434 continentur.
488 3370 642 3435 Similiter
671 3369 752 3449 ναός
780 3375 812 3435 et
841 3370 942 3456 δόμος
972 3370 1036 3435 dici
1066 3375 1176 3452 potest
1205 3370 1239 3434 in
1272 3370 1394 3453 templo
1429 3375 1462 3433 et

220 3456 315 3520 domo
339 3456 470 3540 proprie
493 3456 588 3521 dictis
612 3457 790 3522 coniunctis
822 3478 894 3521 cum
927 3460 1078 3547 προνηΐῳ
1109 3463 1142 3521 et
1170 3455 1329 3547 προδόμῳ
1364 3477 1461 3520 sensu

179 3577 186 3587 .,
219 3563 284 3606 non
303 3548 437 3607 mutato.

308 3646 341 3709 Si
373 3645 588 3709 dramaticum
621 3644 755 3710 chorum
780 3646 944 3710 Pollucem
975 3665 1139 3729 opponere
1167 3645 1380 3710 histrionibus
1403 3668 1462 3728 pu-

220 3738 337 3809 tamus,
368 3732 649 3814 interpretandum
679 3739 744 3797 est:
779 3732 949 3796 orchestra
975 3734 1004 3796 is
1037 3732 1127 3797 locus
1162 3738 1220 3810 est,
1253 3731 1310 3797 ubi
1344 3732 1462 3796 chorus

220 3818 330 3902 prodit
352 3821 449 3903 (nam,
475 3818 561 3900 quod
586 3820 654 3882 eius
677 3824 828 3882 naturam
846 3820 971 3896 attinet,
996 3818 1165 3884 orchestra
1180 3839 1245 3882 non
1262 3819 1397 3902 propria
1413 3823 1463 3882 ost

220 3905 313 3987 parvi
336 3906 392 3987 qui
413 3910 490 3969 tunc
513 3906 546 3967 in
568 3904 688 3969 fabulis
711 3911 782 3969 erat
805 3905 919 3988 chori).
964 3906 1054 3982 Quae
1075 3906 1124 3970 vis
1146 3906 1174 3969 si
1195 3906 1288 3982 inest,
1315 3926 1354 3969 ea
1378 3925 1462 3986 quae

221 3997 437 4073 opponuntur,
460 3992 707 4073 interpretanda
731 3999 824 4056 sunt:
849 3991 956 4078 σκηνή
978 3994 1006 4055 is
1028 3993 1118 4055 locus
1134 3998 1193 4069 est,
1216 3990 1272 4055 ubi
1287 3991 1461 4055 histriones

220 4077 391 4160 prodeunt.
437 4076 530 4153 Quod
553 4078 612 4141 has
634 4078 674 4141 ob
698 4100 814 4142 causas
838 4078 908 4141 fieri
941 4100 1005 4142 non
1034 4083 1160 4160 potest:
1194 4078 1343 4159 primum,
1374 4076 1461 4160 quod

221 4162 328 4249 σκηνή
351 4165 534 4227 necessario
557 4163 643 4227 idem
667 4160 838 4246 significat,
870 4164 957 4246 quod
986 4166 1019 4228 in
1048 4163 1253 4228 antecedenti
1284 4166 1461 4239 enuntiato,

220 4250 240 4312 i.
264 4270 290 4313 e.
319 4249 477 4313 ludicram
508 4250 655 4329 domurn3
688 4252 722 4313 in
752 4273 817 4333 qua
846 4256 956 4314 tamen
984 4250 1157 4315 histriones
1190 4271 1253 4313 non
1283 4250 1462 4333 prodeunt3

221 4334 336 4483 genade
366 4336 452 4418 quod
482 4338 580 4401 etiam
612 4336 745 4414 chorum
768 4338 928 4417 tragicum
953 4337 1006 4403 ἐπὶ
1029 4347 1151 4423 σκηνῆς
1174 4358 1245 4400 esse
1266 4337 1352 4400 infra
1374 4335 1460 4399 vide-

244 4442 336 4485 1mua
