3450 5367
735 490 1041 561 -21-'

220 666 418 751 primariam,
442 667 528 752 quod
552 666 592 733 ad
615 667 778 733 theatrum
802 670 953 753 pertinet,
975 669 1062 735 vocis
1082 669 1144 734 vim
1166 690 1236 736 esse
1253 669 1459 738 tabernaculi

222 756 385 819 coniuncti
408 777 478 820 cum
501 754 637 839 pulpita,
658 756 743 821 unde
768 764 840 821 orta
866 758 908 820 sit
931 758 978 821 vis
1001 764 1034 821 et
1057 757 1259 822 tabernaculi
1283 765 1316 823 et
1330 759 1457 842 pulpiti.

221 845 262 906 At
286 842 523 924 antiquioribus
553 843 628 905 iiido
652 843 693 907 ab
717 843 867 926 Aeschyli
889 842 1089 926 temporibus
1113 843 1282 928 pulpitum,
1313 846 1457 909 simodo

221 929 290 1008 fnit,
314 934 380 991 tam
404 927 552 1011 amplum„
569 928 669 993 fuisse
689 932 823 993 'necesse
845 937 903 1006 est,
927 937 963 993 ut
986 938 1018 993 et
1041 930 1158 993 chorus
1183 936 1215 993 et
1235 930 1409 996 histriones
1425 934 1459 996 in

221 1036 258 1077 eo
288 1015 411 1077 versari
441 1015 615 1098 potuerint.
662 1017 795 1092 Qualem
829 1021 1026 1080 structuram
1051 1017 1189 1098 (scilicet
1211 1016 1458 1081 tabernaculum

220 1102 425 1165 coniunctum
456 1124 527 1165 cuin
560 1102 667 1184 amplo
695 1102 835 1185 pulpito)
861 1109 1010 1166 vocatam
1043 1124 1113 1166 esse
1145 1102 1272 1189 σκηνήν
1297 1104 1458 1187 („Bude“)

220 1209 281 1249 noii
307 1188 412 1251 crede.
459 1188 531 1251 Alia
553 1184 611 1251 res'
635 1194 699 1266 est,
730 1190 757 1251 si
787 1188 1023 1271 posterioribus
1051 1189 1395 1272 teinpoi·ibus'(veluti
1425 1191 1458 1253 iii

219 1274 400 1337 recentiore
425 1274 623 1338 Graecorum
656 1275 799 1357 theatro)
826 1275 935 1362 σκηνή
954 1275 1115 1356 siguificat
1138 1279 1240 1338 totum
1265 1276 1457 1354 aedificium,

219 1362 238 1423 i.
263 1381 288 1424 e.
312 1382 460 1423 scaenam
485 1360 707 1424 Vitruvianain
735 1362 938 1424 coniunctam
963 1383 1034 1424 cum
1059 1361 1207 1424 omnihus
1230 1361 1276 1424 eis
1300 1362 1458 1443 partibus,

220 1468 303 1527 quae
327 1446 368 1509 ad
388 1445 475 1510 illam
500 1448 664 1528 pertinent
688 1449 781 1530 („das
805 1469 905 1529 gaure
921 1448 1008 1531 Spiel
1025 1451 1080 1528 (=
1093 1447 1457 1529 Biihnenlficbaude‘b.

220 1533 379 1596 Primaria
398 1534 480 1597 enim
503 1534 589 1596 vocis
606 1535 652 1597 vis
676 1534 833 1615 („Bude“)
856 1533 1093 1617 posterioribus
1117 1534 1327 1616 temporibus,
1348 1534 1458 1617 inipri-

219 1620 279 1682 mis
315 1642 386 1683 cum
423 1641 486 1683 iioii
520 1620 583 1682 iiiiii
615 1620 860 1685 tabernaculum
893 1626 1130 1699 exstrueretur,
1165 1620 1221 1683 sed
1253 1619 1347 1683 firma
1374 1627 1459 1684 esset

220 1706 342 1779 (lomus
378 1705 475 1770 latius
510 1706 654 1787 patebat,
689 1708 736 1769 ita
768 1713 804 1769 ut
838 1706 944 1792 σκηνή
978 1707 1106 1769 omiiiiio
1138 1707 1170 1769 iii
1204 1706 1298 1769 domo
1332 1705 1459 1770 ludicra

219 1792 456 1876 („Spielhaus“)
481 1792 653 1867 diceietur,
676 1794 773 1857 ‚cuius
805 1793 987 1875 complures
1009 1798 1103 1856 crant
1125 1798 1245 1875 partes,
1275 1793 1308 1855 in
1332 1793 1458 1873 quibua

220 1878 305 1959 qiiod
339 1879 380 1941 ad
413 1880 574 1941 recentius
598 1879 795 1943 Giaecorum
824 1880 988 1943 theatrum
1013 1880 1146 1958 attinet,
1177 1879 1274 1941 etiam
1297 1878 1457 1961 pulpitum

218 1964 451 2029 numerandum
474 1972 532 2027 est.

306 2052 377 2115 Hoc
400 2052 499 2134 igitur
520 2052 614 2115 niodo
635 2052 660 2114 si
684 2051 731 2115 vis
747 2052 864 2134 pulpiti
882 2051 1037 2133 explicari
1057 2072 1120 2114 uon
1135 2055 1252 2134 potest,
1277 2071 1341 2113 una
1356 2056 1459 2113 restat

218 2137 401 2220 explicandi
424 2139 517 2215 ratio,
542 2159 638 2219 quam
662 2138 734 2201 iniit
755 2138 933 2201 Reischius.

303 2224 463 2287 Primaria
485 2225 532 2287 vis
556 2223 730 2287 statuenda
750 2230 799 2287 est
814 2224 1017 2288 tabernaculi
1036 2222 1348 2307 („Theaterhude“);
1371 2223 1458 2304 quod

218 2330 257 2372 ex
282 2311 432 2394 Aeschyli
460 2310 670 2393 temporibus
701 2332 771 2373 cum
802 2310 933 2373 fabulae
961 2309 1151 2388 edebantur,
1183 2309 1215 2371 iii
1239 2313 1384 2371 extrema
1407 2329 1458 2371 or-

218 2395 347 2461 chestre
362 2398 387 2479 ¹)
421 2398 668 2475 exstruebatur,
701 2396 790 2460 haud
822 2396 920 2461 dubie
954 2417 991 2459 eo
1024 2395 1168 2472 consilio,
1199 2400 1236 2457 ut
1268 2400 1368 2471 esset,
1402 2393 1459 2458 ubi

218 2482 392 2547 histriones
423 2485 615 2547 vestimenta
647 2488 819 2561 mutarent,
852 2488 1031 2566 apparatus
1065 2482 1232 2545 scaenicus
1263 2485 1458 2557 servaretur,

217 2591 280 2652 quo
306 2570 443 2634 actionis
465 2570 555 2633 locus
585 2569 781 2633 definiretur.
837 2569 884 2633 De
915 2569 1159 2651 antiquissimae
1187 2586 1324 2630 scaenae
1354 2565 1458 2629 forma

216 2656 296 2719 nihil
314 2658 421 2719 dicere
437 2678 616 2739 possumne,
640 2677 744 2739 neque
761 2662 870 2720 tamen
886 2656 1017 2720 dubium
1039 2660 1097 2733 est,
1122 2655 1199 2735 quin
1216 2653 1315 2717 fuerit
1335 2652 1456 2735 simpli-

217 2743 354 2806 cissima.
401 2743 552 2807 Fortasse
578 2743 693 2806 Suidas
717 2765 740 2806 s.
764 2766 791 2805 v.
817 2742 943 2828 Φόρμις
974 2740 1098 2822 aliquid
1127 2740 1195 2804 veri
1223 2739 1314 2803 nobis
1347 2739 1387 2801 de
1418 2758 1457 2801 ea

216 2828 369 2893 tradidit:
393 2828 553 2914 ἐχρήσατο
570 2830 605 2896 δὲ
620 2836 750 2912 πρῶτος
766 2827 925 2912 {adripere
940 2827 1079 2912 ποδήρει
1095 2828 1150 2892 καὶ
1166 2834 1271 2912 σκηνῇ
1285 2823 1457 2909 δερμάτων

218 2922 391 2998 φοινικῶν.
424 2916 542 2992 Quinto
559 2916 622 2977 iam
641 2915 771 2977 saeculo
788 2914 1033 2977 tabernaculum
1050 2912 1131 2975 illud
1146 2910 1325 2974 vocabatur
1341 2909 1455 2995 σκηνή.

217 3002 339 3078 Quarto
364 3006 473 3064 autern
497 3002 626 3065 saeculo
649 3000 723 3063 iude
753 2999 794 3063 ab
820 2998 1001 3063 Aristotelis
1024 2997 1225 3080 temporibus
1248 3017 1327 3059 voce
1351 2994 1458 3081 σκηνή

216 3087 302 3151 aliud
325 3088 390 3150 iain
413 3093 544 3171 praeter
567 3086 813 3150 tabernaculum
836 3085 1089 3169 significabatur,
1121 3084 1244 3147 scilicet
1266 3083 1366 3159 locuS,
1400 3082 1455 3146 ubi

215 3174 346 3238 fabulae
370 3179 519 3255 aguntur.
575 3175 665 3251 Quae
698 3194 781 3236 nova
811 3171 1003 3253 significatio
1033 3170 1190 3253 imprimis
1221 3170 1253 3232 iii
1275 3169 1381 3232 verbis
1404 3169 1456 3234 ἐπὶ

216 3270 338 3347 σκηνῆς
360 3261 522 3324 invenitur
545 3265 643 3342 atque
668 3281 706 3323 ax
729 3259 858 3323 Reischi
880 3258 1041 3323 sententia
1068 3258 1114 3321 sic
1137 3262 1210 3319 orta
1233 3261 1290 3319 est.

302 3362 409 3428 Verba
433 3364 484 3430 ἐπὶ
505 3372 628 3448 σκηνῆς
651 3363 812 3446 duplicem
840 3354 1056 3443 significatum
1081 3360 1264 3436 admittunt,
1294 3362 1352 3421 aut
1381 3356 1459 3434 „auf

217 3449 274 3514 der
304 3450 423 3523 Bude“,
455 3456 511 3512 aut
542 3449 613 3526 „bei
644 3449 702 3511 der
731 3448 891 3530 Budare.
944 3447 1027 3510 lllurl
1059 3468 1186 3509 sensum
1218 3465 1280 3508 noii
1310 3442 1454 3525 praebet,

217 3558 288 3599 cuin
320 3557 381 3600 non
413 3536 445 3598 iu
469 3536 671 3599 tabernaculi
695 3541 790 3612 tecto,
820 3533 876 3597 sed
900 3540 975 3597 ante
998 3531 1245 3595 tabernaculum
1276 3535 1369 3592 actae
1392 3530 1457 3591 sint

218 3621 358 3686 fabulae.
412 3622 527 3705 ltaque
563 3623 666 3703 primo
693 3622 793 3685 verba
828 3620 885 3683 illa
922 3618 1145 3701 significarunt
1184 3617 1257 3695 „bei
1286 3615 1369 3701 (vor)
1399 3614 1457 3677 der

216 3708 335 3773 Bude“.
380 3709 430 3772 lta
452 3709 629 3773 Reiscliius.

303 3812 400 3876 Posse
424 3811 605 3892 siguificare
630 3811 728 3875 verba
753 3811 806 3877 ἐπὶ
834 3818 958 3895 σκηνῆς
984 3808 1055 3887 „bei
1080 3808 1137 3870 der
1162 3806 1281 3881 aune,
1311 3810 1347 3867 ut
1370 3824 1455 3866 coin-

215 3898 341 3982 probet‚
374 3898 540 3961 Reisohius
568 3920 598 3980 p.
621 3903 741 3979 ddhsq.
777 3895 896 3959 multos
926 3894 1022 3959 affert
1048 3894 1145 3958 locos
1201 3894 1344 3970 Quorum
1377 3889 1456 3952 nihil

302 4124 329 4189 1)
347 4122 527 4191 Dbrpfeldius
547 4122 572 4172 iii
593 4121 751 4173 orchestrae
771 4120 884 4186 circulo,
910 4119 1051 4171 Roheitus
1076 4117 1206 4181 (Hermes
1227 4112 1344 4192 XXXIII
1364 4112 1453 4182 [1897]

215 4212 241 4261 p.
260 4194 311 4244 423
325 4194 396 4259 sqq.)
420 4193 447 4243 iii
475 4191 562 4259 ipsius
581 4190 740 4242 orchestrae
760 4193 837 4255 parte
856 4187 1011 4255 posteriorc
1031 4185 1241 4239 tabernaculum
1259 4188 1455 4249 antiquissimis

215 4262 387 4329 temporibus
406 4262 571 4313 collocatum
591 4259 672 4310 luisse
693 4261 778 4324 putat.
808 4256 879 4309 Mihi
899 4257 1011 4324 quidem
1029 4273 1099 4323 quac
1117 4254 1259 4306 Robcrtus
1274 4251 1354 4305 affert
1375 4267 1455 4318 argu·

216 4336 310 4384 merita
328 4331 476 4399 perspicua
494 4345 554 4381 esse
572 4328 706 4380 videntur.

302 4418 328 4481 2)
348 4414 448 4468 Melius
467 4433 548 4482 quam
568 4412 680 4481 „Haus“·
700 4412 816 4465 fortasse
836 4411 953 4463 dicimus
973 4410 1094 4477 „Bude“,
1121 4427 1184 4461 cum
1203 4408 1237 4461 de
1257 4404 1455 4473 antiquissimis

216 4488 315 4557 agatur
332 4486 515 4556 temporibus.
