3450 5367
716 529 931 591 ..31-

172 774 174 778 ⁸
202 698 330 763 domum
355 695 602 780 intellegendam
634 717 704 762 esse
731 702 821 781 puto,
850 698 935 763 sicut
963 718 1022 763 nos
1051 718 1180 781 quoque
1203 694 1340 763 dicimus
1363 698 1441 778 „clas

202 786 292 850 Hans
316 784 441 850 iiffnen“
471 805 531 868 pro
562 785 633 862 „die
656 784 745 848 Thiir
769 784 905 849 cffnen‘.
962 784 1024 849 Hic
1059 785 1179 849 dixerit
1209 786 1379 869 quispiam,
1413 787 1441 851 si

202 878 276 935 ante
300 871 525 955 proscaenium
549 870 679 935 fabulae
703 876 796 935 actae
817 875 933 948 essent,
968 892 1028 954 pro
1051 870 1158 957 σκηνή
1186 872 1440 955 exspectandum

202 980 271 1023 esse
300 957 512 1043 προσκήνιον.
565 960 608 1021 At
634 956 804 1021 dicendum
836 962 886 1022 est
917 955 1125 1043 προσκήνιον
1157 963 1255 1043 (quac
1283 979 1360 1041 pars
1390 964 1441 1024 est

202 1045 329 1127 domus)
351 1044 431 1107 artis
455 1064 531 1123 esse¹
549 1044 751 1122 vocabulum,
775 1044 861 1127 quod
882 1050 1069 1127 usurpatur,
1098 1045 1126 1107 si
1149 1045 1220 1127 ipsa
1243 1066 1320 1127 pars
1342 1046 1440 1127 signi-

102 1153 108 1165 ’
200 1131 329 1195 ficanda
352 1136 417 1210 est3
447 1129 533 1211 quod
556 1129 712 1194 hocloco
735 1151 798 1194 non
820 1131 965 1206 interest.
1010 1130 1116 1195 Schol.
1139 1131 1214 1195 Itur.
1239 1131 1334 1215 Hipp.
1361 1137 1438 1197 178:

201 1218 400 1304 έκκομίσασα
437 1218 472 1283 δέ
506 1212 614 1302 αὐτὴν
645 1214 710 1301 πρὸ
747 1226 805 1302 τῆς
835 1226 967 1303 σκηνῆς.
1022 1216 1128 1282 Schol.
1167 1219 1219 1281 Ar.
1251 1218 1329 1281 Acb.
1360 1224 1439 1282 410:

202 1308 358 1389 mutuesci
381 1302 444 1388 γδιρ
469 1303 522 1369 ἐπὶ
546 1311 603 1389 τῆς
634 1311 757 1389 σκηνῆς
783 1302 956 1389 μετέωρος.
1013 1302 1196 1366 Scholiasta
1229 1302 1330 1367 rerba
1360 1302 1439 1370 άνα-

201 1390 310 1476 βάδην
332 1399 437 1468 ποιεῖς
460 1388 544 1452 male
572 1388 769 1454 intellexisse
799 1388 928 1453 videtur
945 1390 987 1471 ¹):
1017 1390 1050 1452 in
1081 1388 1148 1452 alto
1176 1390 1322 1453 carmina
1354 1411 1439 1454 com-

200 1478 304 1560 ponis,
328 1477 466 1540 fortasse
489 1474 667 1558 perductus
689 1474 788 1539 verbo
818 1479 1033 1561 καταβαίνειν
1055 1497 1082 1539 v.
1105 1480 1178 1554 409,
1206 1476 1255 1539 ita
1282 1483 1320 1540 ut
1341 1477 1440 1540 inter-

201 1568 350 1645 pretatus
363 1562 421 1626 sit:
438 1566 593 1647 φαίνεται
608 1562 661 1628 ἐπὶ
676 1570 735 1647 τῆς
748 1570 872 1647 σκηνῆς
881 1561 1059 1648 μετέωροςε
1075 1562 1108 1624 in
1123 1567 1210 1626 tecto
1226 1562 1257 1647 (c
1272 1563 1439 1645 superiore

201 1650 315 1713 domus
343 1651 451 1732 parte)
483 1654 630 1731 apparet.
686 1647 803 1711 Miillcr
824 1670 855 1731 p.
881 1653 920 1713 19
954 1648 1009 1714 ἐπὶ
1036 1656 1095 1733 τῆς
1124 1657 1248 1734 σκηνῆς
1277 1649 1438 1731 intellegit

200 1736 279 1814 „auf
299 1735 357 1799 der
379 1734 521 1798 auhner.
580 1734 643 1798 Sed
666 1734 827 1815 quomodo
858 1734 1029 1816 quisquam
1060 1736 1092 1797 in
1121 1734 1248 1818 pulpito
1281 1735 1326 1818 (h.
1350 1756 1377 1799 e.
1401 1756 1439 1799 eo

199 1821 281 1896 loco,
312 1821 369 1885 ubi
399 1820 567 1885 eMiilleri
600 1820 762 1885 sententia
794 1820 925 1885 fabulae
953 1821 1108 1903 aguntur)
1142 1841 1301 1905 apparere
1335 1821 1440 1904 possit

201 1908 376 1994 μετέωρος,
398 1928 462 1970 non
480 1906 641 1989 intellego.
695 1906 847 1971 Fortasse
877 1906 940 1970 huc
962 1908 1126 1990 pertinent
1148 1906 1246 1971 schol.
1270 1906 1366 1991 Soph.
1391 1908 1439 1971 ui.

201 1999 276 2057 ante
300 2015 328 2056 v.
354 1998 387 2056 l:
410 1990 570 2077 πάρεστιν
582 1990 758 2071 Ὀδυσσεὺς
783 1993 835 2060 ἐπὶ
857 1990 920 2079 τὴν
935 1991 1063 2079 σκηνῆν
1082 1989 1238 2079 ἀγωνιῶν
1262 1995 1318 2060 καί
1339 2001 1438 2060 πολυ-

200 2086 404 2165 πραγμονῶν
425 2078 470 2165 μή
488 2105 519 2146 τι
533 2075 599 2147 άπὸ
621 2080 634 2146 έ
656 2087 746 2163 θροῦ
767 2078 880 2167 πάθη,
903 2100 967 2162 quo
989 2086 1097 2143 tamen
1121 2079 1192 2143 loco
1212 2079 1318 2166 σκηνή
1341 2081 1439 2145 etiam

201 2168 310 2231 Aiacis
339 2166 514 2229 tentorium
549 2106 731 2248 signiticarc
764 2170 881 2249 potest.
944 2165 1040 2229 Proll.
1075 2166 1114 2230 de
1149 2186 1230 2230 com.
1261 2166 1330 2246 Vll,
1361 2171 1379 2231 2
1407 2188 1438 2249 p.

201 2252 290 2317 XVII
324 2251 528 2319 Diibnssuul
559 2250 613 2319 ὅτε
642 2251 703 2337 μέν
734 2250 817 2335 πρὸς
845 2250 924 2330 τοὺς
955 2249 1137 2337 ὑποκριτάς
1164 2252 1328 2338 διελέγετο
1357 2252 1439 2337 (scil.

201 2336 218 2405 δ
240 2337 363 2423 χορός),
385 2337 467 2421 πρὸς
490 2337 552 2423 τήν
574 2337 702 2423 σκηνήν
723 2334 863 2421 ἀφεώρα
871 2370 881 2419 ,·
907 2337 984 2419 IXa
1005 2360 1035 2421 p.
1058 2337 1127 2417 XX,
1147 2344 1204 2403 57:
1227 2338 1360 2406 τούτων
1375 2328 1439 2406 οὖν

200 2424 391 2507 προσώπων
413 2423 451 2491 τὸ
477 2420 556 2491 ὅλον
581 2420 760 2510 άθρσισμα,
792 2420 889 2491 δκαί
911 2427 1009 2509 χορὸς
1031 2424 1187 2501 ἐκαλεῖτο,
1217 2424 1371 2492 εἰσελθὸν
1393 2427 1440 2503 εἰς

199 2510 262 2597 τῆν
292 2507 479 2596 ὀρχήστραν
582 2508 665 2596 πρὸς
694 2508 773 2589 τοὺς
795 2507 976 2595 ὑποκριτάς
1005 2509 1066 2577 τὸν
1094 2511 1196 2596 λόγον
1225 2511 1439 2597 ποιούμενον,

200 2597 238 2664 τὸ
262 2602 445 2707 πρόσωπον
466 2596 590 2683 βλέπον
619 2594 682 2682 εἶχε
712 2594 795 2680 πρὸς
822 2594 886 2682 τήν
908 2596 1054 2683 σκηνήν,·
1084 2597 1161 2661 ibid.
1188 2603 1242 2660 ll:
1277 2595 1440 2665 εἰσελθὼν

201 2672 264 2750 οὖν
285 2710 303 2750 ο
326 2681 424 2769 χορὸς
444 2686 489 2761 εἰς
512 2681 575 2769 τῆν
597 2680 784 2769 ὀρχήστραν
805 2684 937 2787 μέτροις
967 2684 1032 2749 τισί
1061 2684 1225 2769 διελέγετο
1256 2693 1325 2762 τοῖς
1360 2680 1439 2749 ὑπσ-

199 2779 327 2855 κριταῖς
349 2770 404 2836 καί
427 2769 509 2853 πρὸς
529 2767 591 2854 τήν
620 2768 747 2856 σκηνήν
771 2769 858 2852 έωρα
881 2778 939 2855 τῆς
960 2772 1145 2859 κωμῳδίας,
1174 2768 1231 2832 ubi
1261 2769 1376 2832 mirum
1408 2769 1440 2832 in

187 2856 329 2919 'modum
352 2854 472 2920 dicitur
490 2853 600 2942 σκηνή
622 2865 679 2940 τῆς
702 2859 885 2944 κωμῳδίας.

288 2958 358 3022 Vim
389 2958 648 3037 ,‚Vordcrwand“
678 2957 857 3021 invenimus
888 2955 967 3019 Poll.
989 2957 1043 3034 IV,
1069 2962 1145 3020 124:
1176 2963 1278 3041 τριῶν
1305 2958 1340 3024 δέ
1371 2961 1440 3023 τῶν

157 3094 167 3126 ,
199 3042 283 3109 κατὰ
305 3042 367 3129 τήν
390 3041 519 3131 σκηνήν
541 3050 660 3129 θνρῶν
687 3040 805 3128 ήμέση
829 3042 890 3128 μέν
912 3050 979 3109 κτλ.
1026 3042 1169 3106 Eandem
1192 3044 1255 3105 vim
1277 3043 1381 3106 inesse
1407 3046 1440 3108 in

199 3130 306 3193 verbis
330 3128 396 3197 ὑπὸ
413 3139 538 3217 σκηνῆς
554 3129 619 3194 sive
635 3127 763 3214 σκηνήν
786 3128 927 3213 („hInter
943 3129 1005 3192 den
1021 3129 1221 3212 Oculissen“)
1237 3150 1337 3213 supra
1352 3151 1383 3212 p.
1398 3135 1438 3194 14

202 3216 502 3296 demonstravimus,
519 3237 602 3299 quae
618 3215 718 3279 rerba
733 3215 782 3279 his
797 3216 976 3279 invenimus
992 3213 1080 3281 locis.
1103 3216 1179 3297 Arg.
1189 3215 1438 3297 Aeschgamt

152 3369 155 3374 .
199 3304 291 3381 ἰδίως
320 3304 355 3370 δέ
379 3302 543 3388 Αἰσχύλος
570 3300 631 3369 τὸν
648 3298 872 3409 Ἀγαμέμνονα
894 3298 961 3368 ὑπὸ
989 3302 1050 3385 (sic
1080 3308 1168 3365 certe
1196 3301 1367 3384 legendum
1390 3308 1440 3368 est

199 3409 258 3471 pro
284 3390 347 3469 έπί,
373 3390 412 3453 cf.
435 3412 465 3472 p.
482 3395 499 3452 7
519 3411 548 3453 u.
568 3391 597 3473 l)
620 3397 742 3474 σκηνῆς
758 3396 969 3471 αναιρείσθαι
985 3398 1083 3468 ποιεῖ,
1106 3386 1166 3455 τὸν
1188 3389 1223 3455 δέ
1239 3387 1440 3475 Κασάνδρας

200 3474 369 3561 σιωπήσας
390 3474 542 3542 θάνατον
561 3472 683 3558 νεκρὸν
703 3471 812 3560 αὐτὴν
827 3472 1007 3554 ὑπέδειξεν.
1039 3474 1145 3540 Schol.
1164 3474 1276 3538 Aesch.
1293 3474 1384 3539 Eum.
1404 3480 1438 3539 l:

200 3558 220 3645 ή
245 3570 497 3646 προφῆτις...
521 3560 630 3627 πάντα
650 3559 770 3647 μηνύει
799 3569 869 3638 τοῖς
892 3568 1039 3638 θεαταῖς,
1068 3556 1130 3646 οὐχ
1163 3558 1205 3639 ὡς
1235 3561 1438 3647 διηγουμένη

200 3645 239 3712 τὰ
274 3645 340 3713 ὑπὸ
371 3645 434 3732 τήν
463 3645 601 3733 σκηνήν,
630 3655 731 3713 τοῦτο
753 3643 817 3754 γὰρ
837 3644 1038 3730 νεωτερικὸν
1058 3642 1286 3731 Εὐριπίδειον.
1332 3646 1438 3712 Schol.

200 3734 253 3795 Ar.
271 3732 353 3797 Nub.
371 3739 449 3798 294:
472 3730 603 3820 μηχανή
622 3733 721 3813 έστιν,
743 3730 761 3799 δ
779 3740 926 3800 καλεῖται
942 3737 1129 3818 βροντεῐον,
1143 3730 1209 3799 ὑπὸ
1224 3730 1287 3819 τῆν
1302 3732 1438 3840 σκηνήν.

199 3818 279 3882 Rau.
302 3825 380 3883 257:
403 3823 456 3886 δεῖ
477 3829 569 3886 νοεῖν
594 3816 636 3898 ὡς
658 3822 691 3886 σί
711 3818 871 3905 βάτραχοι
886 3815 952 3885 ὑπὸ
976 3818 1106 3904 σκηνήν
1121 3822 1214 3898 εἰσιν,
1236 3815 1303 3885 ἀλλ’
1324 3845 1387 3886 ουκ
1403 3820 1439 3886 ἐν

200 3913 246 3994 τῷ
271 3914 416 3994 φανερῷ.
461 3905 539 3969 Poll.
562 3905 615 3984 IV,
642 3910 719 3971 130:
747 3902 813 3972 ὑπὸ
836 3913 878 4012 τῆ
901 3914 1006 3993 σκηνῆ
1030 3902 1171 3971 ὄπισθεν
1193 3900 1290 3972 άσκοί
1312 3902 1440 3990 ψήφων

201 3991 335 4077 ἔμπλεοι
358 3992 586 4077 διωγκωμένοι
607 3991 768 4077 φέρονται
790 4016 874 4057 κατα
894 3991 1128 4077 χαλκωμάτων.

286 4095 342 4160 Vis
376 4096 553 4159 ornationis
589 4094 764 4158 statuenda
787 4114 856 4158 esse
880 4094 958 4157 mihi
980 4093 1108 4158 videtur
1130 4094 1164 4156 in
1187 4092 1288 4157 Deliis
1311 4093 1387 4156 anni
1409 4114 1438 4158 a.

199 4180 271 4245 Chr.
286 4203 315 4244 n.
334 4188 395 4246 274
413 4181 679 4265 inscriptionibus
698 4180 738 4264 (B
751 4180 775 4244 O
788 4180 817 4243 H
841 4180 947 4244 XVIII
962 4180 1075 4265 [1894]
1090 4205 1122 4268 p.
1141 4177 1224 4262 163),
1248 4179 1305 4243 ubi
1319 4179 1439 4262 legitur

200 4312 406 4323 --———.-...-.

288 4371 314 4438 1)
332 4370 422 4425 Recte
447 4369 565 4423 alterum
589 4368 766 4424 scholiastam
796 4368 991 4438 interpretari:
1016 4364 1047 4421 τδ
1074 4364 1103 4421 δέ
1129 4362 1277 4437 ἀναβάδην
1299 4361 1361 4419 άντλ
1386 4370 1437 4419 τοῦ

197 4433 471 4578 ἔχμοῦτςοῆῐὶιειῖιμῖδας
500 4438 570 4507 ἔχειν
594 4438 686 4493 elucet
712 4456 727 4493 σ
750 4438 854 4507 verbis,
885 4454 955 4506 quae
981 4440 1134 4505 sequuntur
1162 4454 1187 4491 v.
1204 4438 1270 4489 411:
1300 4430 1351 4489 σύκ
1375 4431 1439 4499 ἰτδς
