3450 5367
719 699 917 758 ...g-...

191 863 336 929 navibus
343 862 610 929 cacommodabat
596 869 667 943 ι;ιιι·
689 862 880 945 plerumque
903 869 960 927 aut
961 884 1011 926 em
1034 867 1155 927 tectum
1179 862 1293 927 fuit
1262 863 1432 946 nrmirnm3

190 948 224 1015 id
240 952 323 1015 enirn
342 970 395 1015 res
419 949 554 1015 ferebat.
533 913 701 1032 tltaqbe
716 955 773 1032 opt
774 950 837 1015 ime
860 949 939 1013 dicit
925 956 980 1013 tur
1001 946 1068 1017 ὑπὸ
1082 958 1203 1038 σκηνηι
1227 949 1261 1013 in
1280 952 1432 1030 tentorio,

191 1037 287 1103 velut
264 1042 291 1101 tr
304 1036 478 1101 Herodian
497 1035 582 1115 V,III
604 1042 632 1115 5,
649 1042 685 1101 9:
707 1038 864 1146 μένοντες
885 1025 963 1103 δι’
945 1033 1012 1103 υπὸ
1037 1044 1174 1137 σκηναῖς
1195 1002 1432 1136 αὐτοσηεδίοιςζ

192 1150 224 1191 οι
215 1124 280 1191 δι
304 1121 497 1191 uleicvoc⁸
482 1126 547 1191 νπὸ
591 1132 686 1212 νμνηι
708 1130 755 1212 τῷ
777 1118 850 1206 ἀέρι
871 1129 939 1189 κτλ.
984 1122 1057 1186 Huc
1072 1122 1243 1205 pertinent
1272 1123 1371 1187 etiam
1402 1124 1432 1187 ei

190 1210 254 1274 loci
277 1208 516 1293 Xenophontei,
546 1149 603 1273 nbi
631 1189 790 1273 translbte
821 1208 989 1273 dictat
939 1213 989 1272 est
1021 1206 1127 1295 σκηνή
1148 1229 1209 1291 pro
1226 1208 1431 1315 σνμπόσιονε

192 1296 308 1380 Cyrup
325 1295 485 1373 1‚13‚:22
516 1294 579 1379 την
601 1291 657 1362 δέ
642 1292 796 1403 γμὴνς..
791 1293 913 1375 ,τάξιν
936 1290 978 1361 οὐ
998 1301 1109 1374 καλεῖς
1131 1294 1233 1373 εἰς’
1199 1320 1264 1397 την
1286 1294 1432 1381 σκηνήν,

190 1381 268 1446 ibid
291 1387 350 1448 24:
372 1381 447 1450 τότε
469 1381 530 1466 μιν
552 1380 595 1486 δη
616 1407 712 1448 ουτοι
728 1379 767 1449 τὸ
786 1381 882 1459 τέλος
902 1389 960 1487 τῆς
981 1389 1105 1467 σκηνῆς
1127 1379 1345 1487 ἐποιήσαντο,
1374 1381 1431 1459 ΙΙΙ,

192 1474 221 1545 2,
244 1473 300 1533 31:
323 1466 588 1545 διαλύσαντες
555 1493 617 1553 την
636 1464 764 1553 σκηνὴν
786 1463 1016 1578 ἆνεπαύογτο,
1045 1467 1196 1545 11,3,1:
1183 1465 1282 1573 τὴν
1305 1468 1433 1573 σκηνὴν

193 1557 239 1632 εις
261 1557 379 1659 κοίτην
401 1553 554 1652 διέλυον,
582 1553 665 1631 VlII,
689 1560 718 1631 4,
742 1558 800 1619 27:
826 1555 883 1620 καὶ
903 1553 979 1621 ’τότε
1009 1554 1071 1638 μιν
1092 1551 1136 1640 δη
1157 1550 1247 1620 οὕτω
1276 1551 1433 1639 ἔληξενη

192 1639 306 1739 σκηνή.
338 1638 473 1724 Ipsius'
465 1640 525 1719 igit
527 1660 565 1703 ur
511 1639 643 1703 tlooi
665 1660 781 1703 nomen
798 1639 991 1703 dictumt
941 1644 991 1702 est
1012 1660 1072 1721 pro
1092 1661 1135 1703 ea
1154 1659 1290 1721 requae
1311 1640 1344 1703 in
1360 1639 1431 1704 loco

191 1725 238 1804 fit,
269 1732 353 1791 srcnt
382 1730 496 1791 contra
521 1725 708 1811 συμπόσιον
734 1746 794 1809 μιο
817 1747 855 1789 eo
876 1726 965 1804 loco,
995 1724 1052 1789 ubi
1079 1725 1258 1789 convivium
1281 1725 1382 1790 habet
1368 1731 1432 1803 t‚ur

192 1777 279 1896 apbd
302 1812 504 1877 Athenaeum
526 1833 557 1894 p
581 1812 669 1877 205f
691 1814 733 1896 (v
757 1811 866 1896 inira).

279 1915 424 1979 Permult
411 1920 479 1979 turn
503 1936 580 1979 sane
600 1915 765 1997 inquirere
780 1916 925 1997 interest,
948 1935 1013 1997 qua
1028 1914 1150 1978 fuerint
1165 1936 1302 1979 scaenae
1319 1914 1431 1980 forma.

193 2004 306 2080 Quam,
323 2000 410 2083 quod
426 2001 468 2065 ad
485 2022 599 2065 currus
614 2022 763 2065 scaenam
781 2007 814 2065 et
828 1999 1054 2065 umbraculum
1070 2000 1196 2077 attinet,
1212 2001 1308 2065 facile
1324 2003 1431 2065 animo

193 2087 347 2170 effingere
378 2108 566 2186 possumus,
601 2087 688 2170 quod
723 2087 765 2151 ad
796 2086 939 2170 reliquas
974 2108 1123 2164 scaenas,
1161 2051 1329 2170 cdrpplura
1362 2089 1432 2153 eins

192 2173 369 2238 membra
361 2174 540 2238 mveuimus
563 2174 641 2239 Xen.
658 2173 774 2257 Cyrup
794 2174 828 2253 V,
846 2182 874 2253 5,
897 2180 932 2238 2:
955 2200 1018 2280 την
1039 2172 1168 2260 σκηνην
1189 2172 1433 2242 κατασκευάσαι

196 2258 237 2339 ὡς
258 2261 409 2347 βέλτιστα
430 2268 471 2349 τῇ
493 2285 527 2327 τε
550 2256 632 2347 αιλη
653 2269 841 2369 κατασκευῇ
862 2261 918 2327 και
940 2257 989 2328 τὼ
988 2269 1148 2366 γυναῖκε
1173 2262 1364 2346 εἰσαγαγεῖν
1387 2263 1433 2340 εἰς

193 2345 254 2414 τὸν
286 2352 480 2432 γυναικῶνα
511 2372 569 2446 της
602 2354 741 2446 σκηνης,
774 2348 828 2413 καὶ
861 2344 926 2413 σὺν
955 2340 1073 2425 αὐταῖς
1102 2344 1159 2425 τὰς
1168 2345 1431 2495 ἴμουσουργούς

193 2433 338 2497 Scaenae
371 2432 465 2497 valde
499 2432 694 2497 diversat
661 2437 694 2497 et
723 2433 772 2496 int
759 2431 929 2497 tendum
920 2453 1078 2496 rmmensa
1106 2437 1182 2496 sunt
1209 2433 1432 2515 magnitudine

193 2524 292 2601 atque
322 2518 442 2582 similes
472 2539 542 2583 esse
570 2525 706 2601 possunt
734 2518 887 2583 domuum
909 2518 1125 2599 magnificent
1117 2518 1309 2596 issimarum,
1340 2520 1432 2583 cuius

193 2605 242 2668 rei
266 2604 414 2687 exempla
443 2603 539 2669 affert
565 2604 734 2668 Reisohius
766 2606 850 2687 (Das
873 2626 919 2686 gr.
943 2604 1055 2668 Theat.
1078 2626 1109 2688 p.
1134 2605 1219 2686 283).
1264 2605 1432 2683 Quomodo

197 2690 334 2773 simplex
357 2689 463 2794 σκηνή
486 2690 693 2755 exstructa
669 2696 720 2768 sit,
696 2690 935 2755 tconoludere
957 2690 1034 2754 licet
1020 2695 1089 2755 tex
1105 2690 1147 2754 At
1148 2689 1220 2754 ben.
1235 2691 1272 2767 V,
1293 2713 1323 2773 p
1337 2690 1432 2769 aoof,

193 2776 249 2840 ubi
261 2784 390 2887 σκηνης
403 2775 492 2856 ια’ξις
507 2740 747 2840 describitur3’
734 2778 903 2860 επιιερπις
916 2772 1071 2855 δ’ῖκανῶς
1085 2803 1141 2843 και
1129 2772 1233 2843 αιλο
1246 2777 1433 2861 συμπόσιον

194 2890 236 2971 ην
257 2863 310 2930 ἐπι
331 2888 372 2951 τη
398 2870 461 2929 τοῦ
482 2866 641 2964 μεγιστου
656 2866 752 2930 οἵκον
773 2862 873 2968 στέγη
895 2866 1058 2948 saturnos,
1081 2871 1205 2970 σκηνης
1227 2862 1304 2948 ἔχον
1325 2862 1431 2943 τάξιν

197 2938 225 3015 oi
256 2948 354 3035 στέγη
382 2949 444 3035 μὲν
474 2944 536 3016 οὐκ
566 2949 684 3059 ἐπην,
691 2947 864 3056 διατόναια
893 2950 930 3017 δὲ
956 2950 1107 3055 τοξοειδη
1137 2948 1192 3016 διὰ
1214 2958 1322 3015 ποσοῦ
1343 2976 1434 3029 τινος

194 3017 365 3103 ινετὲτατο
381 3033 648 3140 διαστηματοςᾙ
635 3030 684 3120 ιγ’
708 3024 756 3103 ’ὧν
774 3032 910 3102 ανλαῖαι
931 3060 1015 3102 κατα
1037 3032 1097 3102 τὸν
1119 3031 1293 3101 ανιιπλουν
1314 3034 1433 3119 ἁλουρ-

195 3130 265 3207 γεῖς
296 3119 569 3189 ἐνεπετάννυντο.
624 3121 749 3187 Scaena
779 3142 842 3187 non
873 3120 1002 3185 firmum
1033 3121 1178 3186 habebat
1206 3124 1338 3200 tectum,
1367 3121 1433 3201 sed,

196 3228 267 3271 cum
290 3206 324 3269 in
346 3228 407 3271 usu
430 3211 510 3286 erat,
534 3205 811 3290 aulaeisttogeba
814 3230 853 3272 nr
874 3208 1017 3272 extensis
1039 3208 1074 3271 in
1096 3206 1235 3275 arcibus

283 3308 453 3387 Fortasse,
485 3314 522 3373 ut
553 3330 802 3391 cognoscamus,
838 3311 936 3392 quale
967 3310 1200 3392 antiquissimis
1233 3310 1434 3393 temporibus

196 3394 296 3460 fuerit
325 3396 500 3459 tentorium
530 3396 688 3474 militaro,
719 3396 867 3460 conferre
897 3396 974 3459 licet
995 3396 1088 3459 Hom.
1111 3403 1144 3463 st
1167 3402 1348 3474 448-453,
1376 3396 1434 3461 ubi

195 3480 330 3545 Achillis
345 3482 522 3545 tentorium
534 3481 559 3565 ¹)
586 3481 798 3547 describitur:
824 3502 901 3546 casa
922 3482 990 3545 alta
1013 3488 1180 3546 exstructa
1203 3503 1221 3545 e
1243 3482 1347 3565 pineis
1366 3488 1433 3546 tra·

194 3566 308 3646 bibus,
341 3573 429 3632 tecta
462 3567 625 3647 cannulis,
658 3588 776 3650 magna
809 3568 886 3632 aula
919 3568 1121 3633 circumdata
1130 3568 1174 3649 2);
1212 3569 1343 3650 qualem
1376 3591 1434 3633 nos

196 3653 333 3718 dicimus
364 3653 597 3732 „Blockhaus“.
649 3654 686 3717 ln
716 3654 884 3738 complura
913 3653 1059 3719 membra
1089 3655 1264 3719 tentorium
1296 3655 1433 3719 divisum

197 3760 268 3807 esse
290 3760 395 3823 neque
418 3760 457 3805 ex
478 3740 541 3805 hoc
562 3740 634 3804 loco
657 3761 761 3823 noque
785 3761 825 3805 ex
847 3741 863 3805 I
886 3745 948 3806 063
971 3747 1118 3824 apparet.

284 3965 309 4032 1)
335 3963 462 4018 Tentorii
486 3981 587 4018 nomen
612 3964 686 4033 apud
710 3962 899 4017 Homerum
891 3980 920 4015 ιιι
944 3981 996 4015 usn
1020 3968 1062 4017 est
1086 3964 1186 4028 κλιοια,
1211 3964 1286 4031 quod
1307 3964 1381 4017 idem
1400 3966 1435 4017 si-

196 4032 327 4101 gnificare
353 4034 427 4101 quod
452 4033 515 4086 inde
540 4035 575 4087 ab
593 4032 726 4101 Aeschyli
751 4032 924 4101 temporibus
948 4049 1051 4100 οιηνην
1073 4002 1196 4101 apparet.
1231 4031 1344 4101 Tragici
1362 4035 1435 4087 enirn

196 4106 297 4169 poetae
316 4120 380 4155 cum
398 4103 433 4156 ad
446 4102 564 4156 Homeri
582 4107 744 4181 argumenta
764 4105 901 4169 spectant,
921 4118 972 4170 pro
990 4102 1081 4153 κιττία
1099 4106 1216 4154 utuntur
1232 4104 1319 4156 verbo
1338 4100 1435 4169 σκηνή,

196 4174 279 4238 tque
307 4171 342 4223 ad
368 4171 454 4255 Sopb.
480 4170 526 4225 Ai.
553 4173 627 4238 1407,
655 4171 704 4225 ubi
727 4188 822 4223 voxs
806 4171 898 4223 κλισια
923 4173 1022 4237 exstat,
1047 4170 1196 4224 scholiasta
1219 4171 1327 4223 κλισίαν
1351 4172 1436 4223 ιιιιοι-

196 4242 320 4307 pretatur
338 4238 451 4307 σκηνήν.

283 4326 312 4392 2)
329 4324 377 4378 Ab
395 4326 526 4379 interiore
545 4326 657 4379 tentorii
676 4329 756 4395 parte
779 4327 814 4391 (v.
834 4327 895 4411 67ο)
915 4326 1070 4380 secernitur
1087 4321 1254 4378 νπαίθονοα
1272 4321 1435 4390 (πρόδομος)

196 4410 221 4445 v.
241 4394 300 4445 644.
318 4394 377 4447 650.
395 4395 454 4448 673.
491 4394 546 4447 Sed
566 4412 614 4448 eos
632 4412 736 4462 versus,
759 4395 807 4449 nbi
824 4390 992 4448 νταίθουσα
1010 4399 1040 4448 et
1059 4393 1201 4461 πρόδομος
1219 4410 1436 4447 commemoran-

199 4465 253 4528 tur,
281 4462 346 4515 adt
334 4463 451 4517 tentorii
468 4463 644 4517 formamt
603 4482 631 4516 m
633 4463 817 4533 tellegendam
835 4463 904 4516 nihil
923 4464 1014 4517 valere
1033 4468 1065 4516 nt
1082 4464 1216 4532 repetitos
1235 4479 1269 4514 ex
1288 4462 1349 4513 aliis
1367 4461 1436 4514 locis

197 4501 370 4597 Hoinericis,
397 4532 443 4586 ubi
479 4531 571 4585 eidem
598 4550 694 4586 versus
726 4536 836 4586 exstant
863 4539 947 4600 atque
978 4532 1075 4586 similis
1102 4532 1212 4611 quidem
1237 4531 1436 4583 sententiarum

198 4616 322 4652 conexus
349 4570 392 4652 obt
409 4617 499 4668 neque
524 4604 616 4653 tamon
643 4601 677 4653 de
704 4602 835 4667 tentorio,
861 4602 909 4653 scd
934 4601 1068 4654 dedomo
1088 4601 1188 4669 agitur,
1210 4598 1437 4652 verisimillimum

200 4666 372 4722 reddiditF.
392 4666 505 4722 Noack:
525 4668 639 4723 Homer.
658 4668 769 4723 Palaste
791 4688 817 4738 p.
837 4672 867 4721 41
881 4688 921 4736 sq
