3450 5367
767 524 983 587 ..22-

261 696 371 759 velent
393 695 431 773 ei,
455 694 510 759 uhi
534 695 587 761 έπί
608 693 770 759 invenitur
788 695 993 758 coniunctum
1018 715 1091 758 cum
1109 692 1218 756 dativo
1237 690 1286 755 vel
1306 691 1500 756 accusativo.

261 781 385 861 Quibus
416 782 576 845 ommissis
607 786 734 845 restant
761 781 919 863 exempla,
949 780 1004 846 ubi
1036 781 1089 847 έπί
1118 778 1324 843 coniunctum
1354 778 1397 842 sit
1427 799 1500 841 curn

260 869 408 951 genetivo
439 868 507 932 eius
540 868 628 931 vocis
659 888 743 949 quae
778 867 908 931 domum
943 866 1110 949 significet.
1174 864 1335 947 Persaepe
1364 864 1501 946 legimus

260 954 448 1019 meretrices
470 953 598 1018 stetisse
621 951 674 1020 ε’πί
694 952 894 1039 οἰκημάτων.
946 955 1036 1033 Quae
1058 951 1166 1028 verbe,
1198 973 1269 1014 cum
1292 952 1324 1014 in
1348 950 1501 1014 domuum

259 1041 355 1105 tectis
377 1040 451 1103 illas
474 1040 601 1104 stetisse
625 1038 714 1103 credi
737 1060 800 1103 non
828 1039 941 1122 possit,
975 1039 1072 1103 aliter
1102 1037 1247 1119 intellegi
1275 1058 1338 1101 non
1366 1042 1503 1120 possunt

260 1127 321 1190 nisi
344 1126 425 1204 „hei
449 1146 506 1189 vor
528 1125 589 1188 den
608 1126 786 1198 Htiusern“,
809 1147 882 1189 uam
907 1126 958 1204 „in
977 1126 1037 1189 den
1056 1126 1223 1189 Ηίὶαεετιάι
1243 1123 1368 1188 Graece
1383 1123 1503 1186 dicitur

262 1214 298 1280 έν
321 1222 391 1291 τοῖς
415 1209 579 1298 οἰκήμασι,
603 1214 642 1275 cf.
660 1212 741 1276 Isee.
767 1212 818 1290 VI,
839 1219 895 1277 19:
918 1220 1068 1296 καθῆστο
1092 1212 1129 1277 έν
1152 1208 1314 1295 οἰκήματι.
1359 1210 1502 1273 Revera

261 1304 337 1363 ante
358 1297 469 1361 domos
491 1320 546 1363 ees
562 1298 690 1362 stetisse
711 1303 847 1381 apparet
871 1321 910 1361 ex
926 1298 1040 1361 Athen.
1058 1320 1088 1380 p.
1111 1303 1171 1362 569
1186 1296 1215 1374 d,
1239 1295 1294 1359 uhi
1314 1296 1502 1359 meretrices

260 1386 484 1448 nominantur:
516 1387 551 1450 αί
565 1393 749 1468 προστᾶσαι
762 1391 830 1451 τῶν
847 1383 1038 1470 οἰκημάτων
1054 1389 1087 1447 et
1102 1406 1132 1467 p.
1155 1387 1254 1458 esea,
1278 1381 1333 1445 ubi
1350 1386 1503 1445 narretur

261 1470 463 1535 meretricem
487 1470 650 1553 quandam
674 1470 915 1557 Φθειροπύλην
936 1474 1084 1533 vocatam
1117 1490 1202 1533 esse:
1244 1468 1420 1553 ἐπειδήπερ
1451 1468 1503 1534 έπί

261 1555 847 1729 tltllttAtttttl‘ttttt}
871 1556 1079 1721 {Avillii
1108 1556 1313 1724 llqlffill
1336 1551 1504 1722 λέλεέᾶί

263 1736 356 1794 577a
378 1730 538 1811 legemus:
566 1671 710 1814 penninis
737 1736 805 1796 τῶν
834 1725 881 1796 ἐπ’
914 1669 1092 1814 οἰκηῖιατος
1122 1734 1383 1814 προεστηκυιῶν,
1409 1748 1503 1809 prae-

262 1816 455 1898 positionem
488 1816 541 1882 ἰπί
573 1815 635 1879 hoc
665 1815 736 1879 loco
759 1815 844 1879 idem
870 1816 976 1879 valere
1006 1814 1092 1897 quod
1116 1812 1180 1898 πρό
1203 1820 1350 1895 apparet.
1395 1812 1503 1877 Verba

262 1903 315 1969 ἐπὶ
345 1900 536 1987 οἰκημάτων
565 1902 631 1965 sive
661 1899 839 1987 οἰκήματος
872 1907 1061 1965 occurrunt:
1098 1901 1173 1964 Her.
1197 1900 1236 1976 ΙΙ,
1270 1906 1339 1976 121,
1363 1907 1400 1978 53
1433 1903 1502 1962 126.

262 1987 345 2051 Plat.
378 1987 503 2052 Cherm.
541 1987 639 2051 1631).
696 1988 843 2051 Aeschin.
877 1988 900 2066 Ι,
931 1994 987 2067 74,
1027 1987 1066 2050 cl.
1089 1985 1166 2050 ibid.
1195 1992 1244 2050 40.
1269 1993 1326 2049 Al:
1361 1986 1414 2051 ἐπὶ
1443 1994 1505 2052 τοῦ

264 2076 431 2159 ἰατρείους
461 2073 550 2137 Dem.
576 2074 655 2150 LIX,
680 2079 736 2138 67:
768 2071 888 2141 ὁπόσαι
910 2071 953 2141 clv
985 2069 1030 2140 ἐπ’
1065 2073 1294 2159 ἐργαστηρίων
1320 2078 1501 2138 καθῶνται.

263 2160 416 2224 Dinareh.
440 2159 463 2238 Ι,
485 2165 535 2225 23.
581 2159 673 2242 Diog.
695 2159 802 2224 Laert.
826 2159 866 2236 ΙΙ,
890 2165 940 2226 31.
968 2166 1036 2225 105.
1082 2160 1197 2223 Athen.
1220 2180 1250 2242 p.
1275 2163 1337 2222 220
1347 2156 1376 2220 d.
1401 2158 1503 2227 cese.

265 2252 372 2325 569a3
408 2246 446 2309 cf.
470 2246 663 2329 Harpocrat.
692 2268 715 2310 ε.
740 2269 766 2311 v.
793 2245 990 2333 Πάνδημοςε
1021 2246 1074 2312 ἐπὶ
1096 2244 1221 2331 στέγης.
1275 2243 1442 2307 Accedunt
1470 2244 1504 2307 hi

262 2332 342 2396 loci:
362 2330 495 2395 Isocrat.
513 2332 671 2415 Areopag.
687 2339 742 2397 15:
775 2332 828 2399 ἐπὶ
851 2339 920 2399 τῶν
943 2333 1170 2417 ἐργαστηρίων
1192 2335 1386 2411 καθίζοντες
1408 2356 1504 2415 κατη-

263 2426 431 2504 γοροῦμεν
465 2424 533 2484 τῶν
565 2416 795 2485 καθεστώτων.
859 2419 964 2482 Schol.
995 2418 1092 2501 Soph.
1126 2416 1241 2480 Trach.
1280 2422 1375 2482 1275:
1419 2417 1506 2495 τινές

264 2505 300 2571 δὲ
315 2502 508 2601 γράφουσιν
531 2499 577 2570 ἐπ’
604 2508 707 2571 οίκωυ
730 2504 811 2587 (scil.
830 2525 890 2587 pro
914 2500 965 2570 ἀπ’
992 2505 1119 2586 οἴκων),
1140 2503 1290 2570 τουτέστι
1305 2503 1387 2588 μηδὲ
1412 2499 1505 2587 ὑμεῖς

264 2590 345 2674 (scil.
369 2593 405 2655 αί
426 2586 492 2655 άπὸ
508 2598 570 2657 τοῦ
584 2590 701 2674 χοροῦ)
720 2595 951 2676 περιλείπεσθε
968 2591 1126 2670 ἐνταῦθα,
1142 2586 1215 2655 ἀλλ’
1242 2585 1503 2675 ἀκολουθήσατε.

264 2675 334 2741 CIG
354 2681 454 2740 2483:
480 2672 638 2762 ἀνάθημα
661 2671 830 2826 ἀναθέμεν
853 2674 932 2744 ὅποι
954 2703 995 2742 κα
1017 2676 1118 2763 χρήζη
1141 2684 1198 2755 τάς
1221 2670 1345 2761 άγορᾶς
1373 2676 1426 2741 ἐπὶ
1448 2682 1505 2753 τᾶς

265 2771 372 2841 στοᾶς.
418 2762 558 2826 Dubium
583 2768 641 2840 est,
666 2784 739 2828 num
794 2784 834 2826 uc
856 2764 1021 2845 pertineat
1049 2763 1132 2826 Plut.
1163 2761 1253 2826 Brut.
1278 2769 1335 2825 45:
1365 2768 1506 2845 πληγαῖς

264 2848 489 2927 κολασθέντας
520 2849 573 2915 ἐπὶ
602 2858 726 2935 σκηνῆς
754 2847 904 2935 γυμνοὺς
938 2845 1151 2933 ἀποδοθῆναι
1180 2848 1259 2926 τοὺς
1288 2845 1505 2933 στρατηγούς,

265 2933 321 2999 ubi
344 2934 513 2999 Reischius
536 2936 770 3017 interpretetur
792 2957 870 3013 „vor
886 2935 957 2999 dem
979 2934 1257 3012 Feldherrnzelt“;
1281 2934 1366 3015 quod
1385 2933 1506 3015 optime

266 3020 410 3101 intellegi
432 3026 549 3103 potest,
574 3042 646 3084 cum
668 3020 759 3086 locus
782 3027 857 3085 ante
882 3022 973 3086 ducis
995 3022 1171 3084 tentorium
1190 3021 1272 3084 situs
1291 3020 1333 3082 ad
1351 3018 1508 3082 eiusmodi

267 3127 335 3170 rem
365 3106 604 3187 exsequendam
637 3128 714 3171 sane
743 3114 839 3190 aptus
868 3108 926 3188 sit3
957 3107 996 3171 cl.
1028 3108 1103 3189 Arg.
1134 3107 1231 3189 Soph.
1263 3106 1319 3183 At,
1351 3127 1378 3168 v.
1401 3128 1431 3187 p.
1457 3109 1506 3169 35.

269 3192 332 3257 Sed
355 3191 495 3255 fortasse
517 3192 616 3256 verba
645 3193 698 3259 ἐπὶ
721 3202 845 3279 σκηνῆς
877 3192 1074 3276 significant:
1107 3193 1139 3255 in
1160 3192 1286 3275 pulpito
1310 3191 1428 3273 aliquo,
1459 3192 1506 3253 ita

266 3284 303 3343 ut
327 3278 420 3360 quasi
445 3278 665 3360 spectaculum
688 3278 754 3342 fiat.
807 3279 860 3343 Sic
883 3280 909 3342 si
932 3284 1020 3343 recte
1042 3278 1147 3343 locum
1171 3280 1435 3360 interpretamur,
1466 3276 1506 3340 de

266 3364 428 3429 industrie
445 3363 640 3428 Plutarchus
665 3370 701 3428 ut
724 3365 804 3429 artis
827 3364 1030 3445 vocabulum,
1055 3365 1141 3447 quod
1166 3365 1199 3428 iu
1229 3385 1307 3428 suae
1331 3363 1449 3428 aetatis
1472 3384 1508 3428 re

268 3450 418 3515 scaenica
441 3450 568 3515 eratin
590 3472 660 3530 usu,
685 3451 764 3515 dicit
786 3452 839 3518 ἐπὶ
862 3468 902 3517 σκ
926 3461 994 3537 υης.
1041 3450 1105 3515 Seu
1128 3451 1190 3514 hnc
1219 3452 1251 3514 in
1281 3450 1380 3514 dubio
1410 3448 1507 3513 relin-

268 3536 430 3619 quendum
454 3542 511 3601 est.
557 3536 620 3601 Pro
644 3543 834 3619 argumento
857 3560 897 3601 ue
938 3538 968 3601 ic
985 3537 1115 3620 quidem
1137 3538 1227 3601 locus
1251 3536 1364 3601 haberi
1382 3540 1507 3618 potest:

268 3628 342 3704 Arg.
376 3622 473 3705 Soph.
500 3624 588 3687 Ant:
621 3621 792 3691 ὑπόκειται
822 3625 857 3691 δέ
886 3622 927 3689 τά
955 3622 1131 3710 πράγματα
1165 3624 1217 3690 έπί
1250 3630 1318 3690 τῶν
1340 3622 1508 3705 Κρέοντος

268 3713 454 3795 βασιλείων,
478 3730 551 3772 nam
576 3708 782 3796 repsallere
805 3716 842 3774 ut
864 3710 1011 3773 neutrius
1034 3711 1160 3791 generis
1180 3709 1331 3773 adiectivi
1352 3728 1506 3772 numerus

267 3795 404 3879 pluralis
432 3815 496 3858 non
527 3795 628 3859 solam
657 3796 761 3879 ipsam
791 3796 913 3879 regiam
942 3796 1072 3860 demum
1105 3795 1281 3878 siguificat,
1315 3793 1371 3859 sed
1405 3800 1508 3857 totam

268 3882 375 3945 aulam
399 3882 532 3963 regiam,
566 3882 612 3945 ite
644 3888 680 3945 ut
704 3881 756 3948 ἐπὶ
778 3889 845 3949 τῶν
874 3886 1051 3968 βασιλείων
1084 3888 1210 3947 vertere
1242 3882 1402 3965 possimus
1433 3878 1511 3959 „auf

269 3968 331 4031 den
352 3968 471 4051 liiinigl.
494 3968 737 4051 Besitzungen.“

356 4054 420 4117 Sed
442 4074 505 4117 non
528 4054 640 4131 selum,
663 4076 735 4118 cum
756 4054 796 4118 de
820 4054 915 4119 domo
938 4055 1055 4137 agitur,
1077 4054 1134 4117 sed
1157 4054 1229 4117 aliis
1253 4073 1382 4136 qunque
1399 4052 1508 4115 condi-

270 4138 417 4202 cionibus
440 4140 493 4205 έπί
516 4161 587 4203 curn
611 4141 759 4223 genetivo
780 4139 965 4221 significans
986 4161 1115 4223 „prope
1138 4139 1200 4203 ad“
1223 4140 1374 4203 occurrit.
1415 4138 1507 4201 llom.

269 4224 308 4302 X,
335 4230 410 4289 152:
440 4224 492 4291 ἐπὶ
522 4233 589 4292 τῶν
612 4234 736 4312 πηγῶν.
793 4227 968 4310 Pherecyd.
1001 4225 1038 4289 lr.
1061 4233 1102 4290 48
1132 4225 1234 4310 (FHG
1256 4226 1271 4288 Ι
1292 4248 1323 4308 p.
1346 4229 1417 4306 85):
1455 4222 1509 4289 ἐπὶ

269 4309 418 4460 etthi
450 4310 895 4464 ilelsillbtvss’elhll
934 4312 987 4390 Ν
1019 4312 1508 4463 hlssttlsftl‘httt·

273 4419 349 4545 Heri
373 4445 441 4560 vll,
458 4445 500 4546 62,
515 4484 550 4547 αί
572 4482 624 4549 ἐπὶ
648 4425 789 4569 Λάμίνου
811 4425 1012 4571 έπιάέίμευαι
1035 4492 1132 4569 νῆσοι
1140 4448 1167 4565 ς’
1181 4482 1258 4547 ibid.
1286 4488 1362 4548 115:
1380 4422 1510 4549 έιάλπον
